@InProceedings{crowded,
  author = {Andrew Caines and Christian Bentz and Calbert Graham and Tim Polzehl and Paula Buttery},
  year = {2016},
  title = {Crowdsourcing a multilingual speech corpus: recording, transcription and annotation of the \textsc{CrowdED Corpus}},
  booktitle = {Proceedings of the Tenth International Conference on Language Resources and Evaluation (LREC 2016)},
}

@article{andersen-2011,
    Author = {{\O}istein Andersen},
    Year = {2011},
    Title = {Semi-automatic ESOL error annotation},
    Journal = {English Profile Journal},
    Volume = {2},
    Pages = {e1}
}

@article{briscoe-et-al-2010,
    Author = {Ted Briscoe and Ben Medlock and {\O}istein Andersen},
    Year = {2010},
    Title = {Automated assessment of ESOL free text examinations},
    Journal = {University of Cambridge Computer Laboratory Technical Reports},
    Volume = {790},
}

@inproceedings{nicholls-2003,
    Author = {Diane Nicholls},
    Year = {2003},
    Title = {The Cambridge Learner Corpus: error coding and analysis for lexicography and ELT},
    Booktitle = {Proceedings of the Corpus Linguistics 2003 conference; UCREL technical paper number 16},
    Editor = {Dawn Archer and Paul Rayson and Andrew Wilson and Tony McEnery},
    Publisher = {Lancaster University}
}

@article{izumi-et-al-2004,
    Author = {Emi Izumi and Kiyotaka Uchimoto and Hitoshi Isahara},
    Year = {2004},
    Title = {SST speech corpus of Japanese learners' English and automatic detection of learners' errors},
    Journal = {ICAME Journal},
    Volume = {28},
    Pages = {31-48}
}

@inproceedings{izumi-et-al-2005,
    Author = {Emi Izumi and Kiyotaka Uchimoto and Hitoshi Isahara},
    Year = {2005},
    Title = {Error Annotation for Corpus of Japanese Learner English},
    Booktitle = {Proceedings of the 2nd International Joint Conference on Natural Language Processing (IJCNLP)},
    Publisher = {Association for Computational Linguistics}
}

@phdthesis{macdonald-2005,
    Author = {MacDonald Lightbound, Penny},
    Year = {2005},
    Title = {An analysis of interlanguage errors in synchronous/asynchronous intercultural communication exchanges},
    School = {Universitat de Val{\'e}ncia}
}

@book{gui-yang-2002,
    Author = {S. Gui and H. Yang},
    Year = {2002},
    Title = {Zhongguo Xuexizhe Yingyu Yuliaohu (Chinese Learner English Corpus)},
    Publisher = {Shanghai: Shanghai Waiyu Jiaoyu Chubanshe (Foreign Language Education Press)}
}

@inproceedings{dahlmeier-et-al-2013,
    Author = {Daniel Dahlmeier and Hwee Tou Ng and Siew Mei Wu},
    Year = {2013},
    Title = {Building a large annotated corpus of learner English: the NUS Corpus of Learner English},
    Booktitle = {Proceedings of the Eighth Workshop on Innovative Use of NLP for Building Educational Applications},
    Publisher = {Association for Computational Linguistics}
}

@inproceedings{rozovskaya-roth-2010,
    Author = {Alla Rozovskaya and Dan Roth},
    Year = {2010},
    Title = {Annotating ESL Errors: challenges and rewards},
    Booktitle = {Proceedings of the Fifth Workshop on Innovative Use of NLP for Building Educational Applications},
    Publisher = {Association for Computational Linguistics}
}

@unpublished{caines-buttery-2013,
    Author = {Andrew Caines and Paula J. Buttery},
    Year = {2013},
    Title = {The effect of topic on opportunity of use},
    Note = {Submitted to Cambridge English Language Assessment}
}

@article{lennon-1991,
    Author = {Paul Lennon},
    Year = {1991},
    Title = {Error: Some problems of definition, identification, and distinction},
    Journal = {Applied Linguistics},
    Volume = {12},
    Pages = {180-196}
}

@book{french-1949,
    Author = {Frederick G. French},
    Year = {1949},
    Title = {Common Errors in English},
    Publisher = {Oxford: Oxford University Press}
}

@article{corder-1967,
    Author = {Stephen P. Corder},
    Year = {1967},
    Title = {The significance of learners' errors},
    Journal = {International Review of Applied Linguistics in Language Teaching (IRAL)},
    Volume = {V/4},
    Pages = {161-170}
}

@book{hymes-1972,
    Author = {Dell Hymes},
    Year = {1972},
    Title = {Towards Communicative Competence},
    Publisher = {Philadelphia: Pennsylvania University Press}
}

@article{canale-swain-1980,
    Author = {Michael Canale and Merrill Swain},
    Year = {1980},
    Title = {Theoretical bases of communicative approaches to second language teaching and testing},
    Journal = {Applied Linguistics},
    Volume = {1},
    Pages = {1-47}
}

@mastersthesis{kochmar-2011,
    Author = {Ekaterina Kochmar},
    Year = {2011},
    Title = {Identification of a writer's native language by error analysis},
    School = {University of Cambridge}
}

@article{chen-2013,
    Author = {Meilin Chen},
    Year = {2013},
    Title = {A corpus study of English phrasal verb use by Chinese, British and American university students},
    Journal = {International Journal of Corpus Linguistics},
    Volume = {18},
    Pages = {418-442}
}

@article{nolan-et-al-2009,
    Author = {Francis Nolan and Kirsty McDougall and Gea {de Jong} and Toby Hudson},
    Year = {2009},
    Title = {The DyViS database: style-controlled recordings of 100 homogeneous speakers for forensic phonetic research},
    Journal = {International Journal of Speech, Language and the Law},
    Volume = {16},
    Pages = {31-57}
}

@misc{voice,
    Author = {Barbara Seidlhofer and Angelika Breiteneder and Theresa Klimpfinger and Stefan Majewski and Ruth Osimk-Teasdale and Marie-Luise Pitzl and Michael Radeka},
    Year = {2013},
    Title = {VOICE: The Vienna-Oxford International Corpus of English (version 2.0 XML)},
}

@incollection{pezik-2012,
    Author = {Piotr P\c{e}zik},
    Year = {2012},
    Title = {Towards the PELCRA Learner English Corpus},
    Booktitle = {Corpus Data across Languages and Disciplines. \l{L}\'{o}d\'{z} Studies in Language, Vol. 28},
    Editor = {Piotr P\c{e}zik},
    Publisher = {Frankfurt am Main: Lang}
}

@article{green-hecht-1985,
    Author = {Peter S. Green and Karlheinz Hecht},
    Year = {1985},
    Title = {Native and non-native evaluation of learners' errors in written discourse},
    Journal = {System},
    Volume = {13},
    Pages = {77-97}
}

@book{ellis-1995,
    Author = {Rod Ellis},
    Year = {1995},
    Title = {Understanding Second Language Acquisition},
    Publisher = {Oxford: Oxford University Press}
}

@incollection{enkvist-1973,
    Author = {Nils E. Enkvist},
    Year = {1973},
    Title = {Should we count errors or measure success?},
    Booktitle = {Errata: Papers in Error Analysis},
    Editor = {Jan Svartvik},
    Publisher = {Lund: CWK Gleerup}
}

@manual{dagneaux-et-al-1996,
    Author = {Estelle Dagneaux and Sharon Denness and Sylviane Granger and Fanny Meunier},
    Year = {1996},
    Title = {Error tagging manual version 1.1},
    Organization = {Centre for English Corpus Linguistics, Universit\'{e} Catholique de Louvain}
}

@inproceedings{alfaifi-et-al-2013,
    Author = {Abdullah Alfaifi and Eric Atwell and Ghazi Abuhakema},
    Year = {2013},
    Title = {Error annotation of the Arabic Learner Corpus},
    Booktitle = {Proceedings of the International Conference of the German Society for Computational Linguistics and Language Technology (GSCL 2013)},
    Editor = {Iryna Gurevych and Chris Biemann and Torsten Zesch},
    Publisher = {Berlin: Springer-Verlag}
}

@article{dagneaux-et-al-1998,
    Author = {Estelle Dagneaux and Sharon Denness and Sylviane Granger},
    Year = {1998},
    Title = {Computer-aided error analysis},
    Journal = {System},
    Volume = {26},
    Pages = {163-174}
}

@article{bitchener-et-al-2005,
    Author = {John Bitchener and Stuart Young and Denise Cameron},
    Year = {2005},
    Title = {The effect of different types of corrective feedback on ESL student writing},
    Journal = {Journal of Second Language Writing},
    Volume = {14},
    Pages = {191-205}
}

@inproceedings{gamon-et-al-2008,
    Author = {Michael Gamon and Jianfeng Gao and Chris Brockett and Alexander Klementiev and William Dolan and Dmitriy Belenko and Lucy Vanderwende},
    Year = {2008},
    Title = {Using contextual speller techniques and language modeling for ESL error correction},
    Booktitle = {Proceedings of the 3rd International Joint Conference on Natural Language Processing (IJCNLP)}
}

@inproceedings{tetreault-chodorow-2008a,
    Author = {Joel Tetreault and Martin Chodorow},
    Year = {2008},
    Title = {Native judgments of non-native usage: experiments in preposition error detection}, 
    Booktitle = {Proceedings of the workshop on Human Judgments in Computational Linguistics, COLING}
}

@inproceedings{tetreault-chodorow-2008b,
    Author = {Joel Tetreault and Martin Chodorow},
    Year = {2008},
    Title = {The ups and downs of preposition error detection},
    Booktitle = {Proceedings of the 22nd International Conference on Computational Linguistics (COLING)}
}

@book{james-1980,
    Author = {Carl James},
    Year = {1980},
    Title = {Contrastive Analysis},
    Publisher = {London: Longman}
}

@book{james-1998,
    Author = {Carl James},
    Year = {1998},
    Title = {Errors in language learning and use: exploring Error Analysis},
    Publisher = {London: Longman}
}

@incollection{adel-2008,
    Author = {Annelie \"{A}del},
    Year = {2008},
    Title = {Metadiscourse across three varieties of English: American, British, and advanced learner English},
    Booktitle = {Contrastive Rhetoric: reaching to intercultural rhetoric},
    Editor = {Ulla Connor and Ed Nagelhout and William V. Rozycki},
    Publisher = {Amsterdam: John Benjamins}
}

@incollection{connor-moreno-2005,
    Author = {Ulla Connor and Ana Moreno},
    Year = {2005},
    Title = {Tertium Comparationis: a vital component in contrastive research methodology},
    Booktitle = {Directions in Applied Linguistics: essays in honor of Robert B. Kaplan},
    Editor = {Paul Bruthiaux and Dwight Atkinson and William G. Eggington and William Grabe and Vaidehi Ramanathan},
    Publisher = {Clevedon: Multilingual Matters}
}

@incollection{britain-2007,
    Author = {David Britain},
    Year = {2007},
    Title = {Grammatical variation in England},
    Booktitle = {Language in the British Isles},
    Editor = {David Britain},
    Publisher = {Cambridge: Cambridge University Press}
}

@incollection{chambers-2004,
    Author = {John K. Chambers},
    Year = {2004},
    Title = {Dynamic typology and vernacular universals},
    Booktitle = {Dialectology meets typology: dialect grammar from a cross-linguistic perspective},
    Editor = {Bernd Kortmann},
    Publisher = {Berlin: Mouton de Gruyter}
}

@book{kortmann-et-al-2004,
    Editor = {Bernd Kortmann and Kate Burridge and Rajend Mesthrie and Edgar W. Schneider and Clive Upton},
    Year = {2004},
    Title = {A handbook of varieties of English, vol. 2: Morphology and syntax},
    Publisher = {Berlin: Mouton de Gruyter}
}

@book{schmied-1991,
    Author = {Josef J. Schmied},
    Year = {1991},
    Title = {English in Africa: an introduction},
    Publisher = {London: Longman}
}

@book{mesthrie-bhatt-2008,
    Author = {Rajend Mesthrie and Rakesh M. Bhatt},
    Year = {2008},
    Title = {World Englishes: the study of new linguistic varieties},
    Publisher = {Cambridge: Cambridge University Press}
}

@book{kirkpatrick-2010,
    Author = {Andy Kirkpatrick},
    Year = {2010},
    Title = {English as a lingua franca in ASEAN: a multilingual model},
    Publisher = {Hong Kong: Hong Kong University Press}
}

@book{seidlhofer-2011,
    Author = {Barbara Seidlhofer},
    Year = {2011},
    Title = {Understanding English as a lingua franca},
    Publisher = {Oxford: Oxford University Press}
}

@inproceedings{izumi-et-al-2003,
    Author = {Emi Izumi and Kiyotaka Uchimoto and Toyomi Saiga and Thepchai Supnithi and Hitoshi Isahara},
    Year = {2003},
    Title = {Automatic error detection in the Japanese learners' English spoken data},
    Booktitle = {Proceedings of the 41st Annual Meeting of the Association for Computational Linguistics (ACL)},
    Publisher = {Association for Computational Linguistics}
}

@inproceedings{engelson-dagan-1996,
    Author = {Sean P. Engelson and Ido Dagan},
    Year = {1996},
    Title = {Minimizing manual annotation cost in supervised training from corpora},
    Booktitle = {Proceedings of the 34th Annual Meeting of the Association for Computational Linguistics (ACL)},
    Publisher = {Association for Computational Linguistics}
}

@incollection{byrd-2005,
    Author = {Patricia Byrd},
    Year = {2005},
    Title = {Instructed grammar},
    Booktitle = {Handbook of research in second language teaching and learning},
    Editor = {Eli Hinkel},
    Publisher = {London: Routledge}
}

@incollection{wulff-gries-2011,
    Author = {Stefanie Wulff and Stefan Th. Gries},
    Year = {2011},
    Title = {Corpus-driven methods for assessing accuracy in learner production},
    Booktitle = {Second language task complexity: researching the Cognition Hypothesis of language learning and performance},
    Editor = {Peter Robinson},
    Publisher = {Amsterdam: John Benjamins}
}

@article{housen-kuiken-2009,
    Author = {Alex Housen and Folkert Kuiken},
    Year = {2009},
    Title = {Complexity, fluency, and accuracy in second language acquisition},
    Journal = {Applied Linguistics},
    Volume = {30},
    Pages = {461-473}
}

@article{skehan-2009,
    Author = {Peter Skehan},
    Year = {2009},
    Title = {Modelling second language performance: integrating complexity, accuracy, fluency, and lexis},
    Journal = {Applied Linguistics},
    Volume = {30},
    Pages = {510-532}
}

@article{bosker-et-al-2013,
    Author = {Hans Rutger Bosker and Anne-France Pinget and Hugo Quen\'{e} and Ted Sanders and Nivja H. {de Jong}},
    Year = {2013},
    Title = {What makes speech sound fluent? The contributions of pauses, speed and repairs},
    Journal = {Language Testing},
    Volume = {30},
    Pages = {159-175}
}

@incollection{pawley-syder-1983,
    Author = {Andrew Pawley and Frances H. Syder},
    Year = {1983},
    Title = {Two puzzles for linguistic theory: native-like selection and native-like fluency},
    Booktitle = {Language and communication},
    Editor = {Jack C. Richards and Richard W. Schmidt},
    Publisher = {London: Longman}
}

@article{stefanowitsch-gries-2003,
    Author = {Anatol Stefanowitsch and Stefan Th. Gries},
    Year = {2003},
    Title = {Collostructions: investigating the interaction between words and constructions},
    Journal = {International Journal of Corpus Linguistics},
    Volume = {8},
    Pages = {209-243}
}

@article{gries-stefanowitsch-2004,
    Author = {Stefan Th. Gries and Anatol Stefanowitsch},
    Year = {2004},
    Title = {Extending collostructional analysis: a corpus-based perspective on `alternations'},
    Journal = {International Journal of Corpus Linguistics},
    Volume = {9},
    Pages = {97-129}
}

@article{gries-wulff-2005,
    Author = {Stefan Th. Gries and Stefanie Wulff},
    Year = {2005},
    Title = {Do foreign language learners also have constructions? Evidence from priming, sorting, and corpora},
    Journal = {Annual Review of Cognitive Linguistics},
    Volume = {3},
    Pages = {182-200}
}

@article{gries-wulff-2009,
    Author = {Stefan Th. Gries and Stefanie Wulff},
    Year = {2009},
    Title = {Psycholinguistic and corpus linguistic evidence for L2 constructions},
    Journal = {Annual Review of Cognitive Linguistics},
    Volume = {7},
    Pages = {163-186}
}

@incollection{poulisse-1997,
    Author = {Nanda Poulisse},
    Year = {1997},
    Title = {Slips of the tongue and their correction in L2 learner speech: metalinguistic awareness and second language acquisition},
    Booktitle = {Metacognitions and Second Language Acquisition},
    Editor = {Hans W. Dechert},
    Publisher = {Clevedon: Multilingual Matters}
}

@book{alexander-1994,
    Author = {Louis G. Alexander},
    Year = {1994},
    Title = {Right Word, Wrong Word: words and structures confused and misused by learners of English},
    Publisher = {London: Longman}
}

@book{dulay-et-al-1982,
    Author = {Heidi Dulay and Marina Burt and Stephen D. Krashen},
    Year = {1982},
    Title = {Language Two},
    Publisher = {Rowley, MA: Newbury House}
}

@article{stemberger-1982,
    Author = {Joseph P. Stemberger},
    Year = {1982},
    Title = {Syntactic errors in speech},
    Journal = {Journal of Psycholinguistic Research},
    Volume = {11},
    Pages = {313-345}
}

@article{mccretton-rider-1993,
    Author = {Elena McCretton and Nigel Rider},
    Year = {1993},
    Title = {Error gravity and error hierarchies},
    Journal = {International Review of Applied Linguistics},
    Volume = {31},
    Pages = {177-188}
}

@article{politzer-1978,
    Author = {Robert L. Politzer},
    Year = {1978},
    Title = {Errors of English speakers of German as perceived and evaluated by German natives},
    Journal = {Modern Language Journal},
    Volume = {5},
    Pages = {253-261}
}

@article{dordrick-1996,
    Author = {Michael Dordrick},
    Year = {1996},
    Title = {Testing for a hierarchy of the communicative interference value of ESL errors},
    Journal = {System},
    Volume = {24},
    Pages = {299-308}
}

@article{low-et-al-2000,
    Author = {Ee L. Low and Esther Grabe and Francis Nolan},
    Year = {2000},
    Title = {Quantitative characteristics of speech rhythm: `syllable-timing' in Singapore English},
    Journal = {Language \& Speech},
    Volume = {43},
    Pages = {377-401}
}

@article{lobanov-1971,
    Author = {Boris Lobanov},
    Year = {1971},
    Title = {Classification of Russian vowels spoken by different listeners},
    Journal = {Journal of the Acoustical Society of America},
    Volume = {49},
    Pages = {606-608}
}

@article{nolan-asu-2009,
    Author = {Francis Nolan and Eva L. Asu},
    Year = {2009},
    Title = {The pairwise variability index and coexisting rhythm in language},
    Journal = {Phonetica},
    Volume = {66},
    Pages = {64-77}
}

@inproceedings{yuan-liberman-2008,
    Author = {Jiahong Yuan and Mark Liberman},
    Year = {2008},
    Title = {Speaker identification on the SCOTUS corpus},
    Booktitle = {Proceedings of Acoustics 2008},
}

@incollection{grabe-low-2002,
    Author = {Esther Grabe and Ee L. Low},
    Year = {2002},
    Title = {Durational variability in speech and the rhythm class hypothesis},
    Booktitle = {Laboratory Phonology 7},
    Editor = {Carlos Gussenhoven and Natasha Warner},
    Publisher = {Berlin: Mouton de Gruyter}
}

@article{torgersen-szakay-2012,
    Author = {Eivind N. Torgersen and Anita Szakay},
    Year = {2012},
    Title = {An investigation of speech rhythm in London English},
    Journal = {Lingua},
    Volume = {122},
    Pages = {822-840}
}

@inproceedings{zajac-pezik-2012,
    Author = {M Zaj\c{a}c and Piotr P\c{e}zik},
    Year = {2012},
    Title = {Annotating pronunciation errors in the PLEC spoken learner corpus},
    Booktitle = {Proceedings of TaLC 10},
}

@article{atwell-et-al-2003,
    Author = {Eric Atwell and Peter Howarth and Clive Souter},
    Year = {2003},
    Title = {The ISLE Corpus: Italian and German spoken learners' English},
    Journal = {ICAME Journal},
    Volume = {27},
    Pages = {5-18}
}

@article{nolan-1991,
    Author = {Francis Nolan},
    Year = {1991},
    Title = {Forensic phonetics},
    Journal = {Journal of Linguistics},
    Volume = {27},
    Pages = {483-493}
}

@article{mcdougall-2006,
    Author = {Kirsty McDougall},
    Year = {2006},
    Title = {Dynamic features of speech and the characterisation of speakers: towards a new approach using formant frequencies},
    Journal = {International Journal of Speech, Language and the Law},
    Volume = {13},
    Pages = {89-126}
}

@article{duckworth-et-al-2011,
    Author = {Martin Duckworth and Kirsty McDougall and Gea {de Jong} and Linda Shockey},
    Year = {2011},
    Title = {Improving the consistency of formant measurement},
    Journal = {International Journal of Speech, Language and the Law},
    Volume = {18},
    Pages = {35-51}
}

@article{cucchiarini-et-al-2002,
    Author = {Catia Cucchiarini and Helmer Strik and Lou Boves},
    Year = {2002},
    Title = {Quantitative assessment of second language learners' fluency: comparisons between read and spontaneous speech},
    Journal = {The Journal of the Acoustical Society of America},
    Volume = {111},
    Pages = {2862-2873}
}

@article{derwing-et-al-2004,
    Author = {Tracey M. Derwing and Marian J. Rossiter and Murray J. Munro and Ron I. Thomson},
    Year = {2004},
    Title = {Second language fluency: judgments on different tasks},
    Journal = {Language Learning},
    Volume = {54},
    Pages = {655-679}
}

@article{kormos-denes-2004,
    Author = {Judit Kormos and Mariann D\'{e}nes},
    Year = {2004},
    Title = {Exploring measures and perceptions of fluency in the speech of second language learners},
    Journal = {System},
    Volume = {32},
    Pages = {145-164}
}

@article{rossiter-2009,
    Author = {Marian J. Rossiter},
    Year = {2009},
    Title = {Perceptions of L2 fluency by native and non-native speakers of English},
    Journal = {Canadian Modern Language Review / La Revue Canadienne Des Langues Vivantes},
    Volume = {65},
    Pages = {395-412}
}

@proceedings{diss-2013,
    Year = {2013},
    Title = {Proceedings of DiSS 2013: The 6th Workshop on Disfluency in Spontaneous Speech},
    Editor = {Robert Eklund}
}

@article{bortfield-et-al-2001,
    Author = {Heather Bortfield and Silvia D. Leon and Jonathan E. Bloom and Michael F. Schober and Susan E. Brennan},
    Year = {2001},
    Title = {Disfluency rates in conversation: Effects of age, relationship, topic, role, and gender},
    Journal = {Language and Speech},
    Volume = {44},
    Pages = {123-147}
}

@inproceedings{qian-liu-2013,
    Author = {Xian Qian and Yang Liu},
    Year = {2013},
    Title = {Disfluency detection using multi-step stacked learning},
    Booktitle = {Proceedings of the 2013 Conference of the North American Chapter of the Association for Computational Linguistics: Human Language Technologies (NAACL-HLT)},
    Publisher = {Association for Computational Linguistics}
}

@article{finlayson-corley-2012,
    Author = {Ian R. Finlayson and Martin Corley},
    Year = {2012},
    Title = {Disfluency in dialogue: an intentional signal from the speaker?},
    Journal = {Psychonomic Bulletin \& Review},
    Volume = {19},
    Pages = {921-928}
}

@inproceedings{wang-et-al-2013,
    Author = {Wen Wang and Andreas Stolcke and Jiahong Yuan and  Mark Liberman},
    Year = {2013},
    Title = {A cross-language study on automatic speech disfluency detection},
    Booktitle = {Proceedings of the 2013 Conference of the North American Chapter of the Association for Computational Linguistics: Human Language Technologies (NAACL-HLT)},
    Publisher = {Association for Computational Linguistics}
}

@phdthesis{beinhoff-2009,
    Author = {Bettina Beinhoff},
    Year = {2009},
    Title = {Establishing identity through accent: attitudes of non-native speakers towards foreign accents of English},
    School = {University of Cambridge}
}

@inproceedings{rasooli-tetreault-2013,
    Author = {Mohammad S. Rasooli and Joel Tetreault},
    Year = {2013},
    Title = {Joint parsing and disfluency detection in linear time},
    Booktitle = {Proceedings of the 2013 Conference on Empirical Methods in Natural Language Processing (EMNLP)},
    Publisher = {Association for Computational Linguistics}
}

@book{edge-1989,
    Author = {Julian Edge},
    Year = {1989},
    Title = {Mistakes and Correction},
    Publisher = {London: Longman}
}

@book{hammerly-1991,
    Author = {Hector Hammerly},
    Year = {1991},
    Title = {Fluency and Accuracy: toward balance in language teaching and learning},
    Publisher = {Clevedon: Multilingual Matters}
}

@article{anson-2000,
    Author = {Chris M. Anson},
    Year = {2000},
    Title = {Response and the social construction of error},
    Journal = {Assessing Writing},
    Volume = {7},
    Pages = {5-21}
}

@article{goldberg-2003,
    Author = {Adele E. Goldberg},
    Year = {2003},
    Title = {Constructions: a new theoretical approach to language},
    Journal = {Trends in Cognitive Sciences},
    Volume = {7},
    Pages = {219-224}
}

@book{goldberg-2006,
    Author = {Adele E. Goldberg},
    Year = {2006},
    Title = {Constructions at work: the nature of generalization in language},
    Publisher = {Oxford: Oxford University Press}
}

@book{lado-1957,
    Author = {Robert Lado},
    Year = {1957},
    Title = {Linguistics across cultures: Applied Linguistics for teachers},
    Publisher = {Ann Arbor: University of Michigan Press}
}

@article{kolly-dellwo-2014,
    Author = {Marie-Jos\'{e} Kolly and Volker Dellwo},
    Year = {2014},
    Title = {Cues to linguistic origin: The contribution of speech temporal information to foreign accent recognition},
    Journal = {Journal of Phonetics},
    Volume = {42},
    Pages = {12-23}
}

@article{hyltenstam-abrahamsson-2000,
    Author = {Kenneth Hyltenstam and Niclas Abrahamsson},
    Year = {2000},
    Title = {Who can become native-like in a second language? All, some, or none?},
    Journal = {Studia Linguistica},
    Volume = {54},
    Pages = {150-166}
}

@inproceedings{caines-buttery-2010,
    Author = {Andrew Caines and Paula J. Buttery},
    Year = {2010},
    Title = {`You talking to me?' A predictive model for zero auxiliary constructions},
    Booktitle = {Proceedings of the Workshop on Natural Language Processing and Linguistics, Finding the Common Ground, Annual Meeting of the Association for Computational Linguistics (ACL)},
    Publisher = {Association for Computational Linguistics}
}

@book{fanselow-et-al-2006,
    Author = {Gisbert Fanselow and Caroline Fery and Matthias Schlesewsky and Ralf Vogel},
    Year = {2006},
    Title = {Gradience in Grammar: Generative Perspectives},
    Publisher = {Oxford: Oxford University Press}
}

@article{sorace-2000,
    Author = {Antonella Sorace},
    Year = {2000},
    Title = {Gradients in auxiliary selection with intransitive verbs},
    Journal = {Language},
    Volume = {76},
    Pages = {859-890}
}

@article{brent-siskind-2001,
    Author = {Michael R. Brent and Jeffrey M. Siskind},
    Year = {2001},
    Title = {The role of exposure to isolated words in early vocabulary development},
    Journal = {Cognition},
    Volume = {81},
    Pages = {B33-B44}
}

@article{fernald-et-al-1989,
    Author = {Anne Fernald and Traute Taeschner and Judy Dunn and Mechthild Papousek and B\'{e}n\'{e}dicte de Boysson-Bardies and Ikuko Fukui},
    Year = {1989},
    Title = {A cross-language study of prosodic modifications in mothers' and fathers' speech to preverbal infants},
    Journal = {Journal of Child Language},
    Volume = {16},
    Pages = {477-501}
}

@book{jaffe-feldstein-1970,
    Author = {Joseph Jaffe and Stanley Feldstein},
    Year = {1970},
    Title = {Rhythms of dialogue},
    Publisher = {New York: Academic Press}
}

@inproceedings{rasp-2006,
    Author = {Ted Briscoe and John Carroll and Rebecca Watson},
    Year = {2006},
    Title = {The second release of the RASP System},
    Booktitle = {Proceedings of the COLING/ACL 2006 Interactive Presentations Session},
    Publisher = {Association for Computational Linguistics}
}

@incollection{garside-1987,
    Author = {Roger Garside},
    Year = {1987},
    Title = {The CLAWS word-tagging system},
    Booktitle = {The Computational Analysis of English: A Corpus-based Approach},
    Editor = {Roger Garside and Geoffrey Leech and Geoffrey Sampson},
    Publisher = {London: Longman}
}

@article{diaznegrillo-et-al-2010,
    Author = {Ana D\'{i}az-Negrillo and Detmar Meurers and Salvador Valera and Holger Wunsch},
    Year = {2010},
    Title = {Towards interlanguage POS annotation for effective learner corpora in SLA and FLT},
    Journal = {Language Forum},
    Volume = {36},
    Pages = {139-154}
}

@article{meurers-2009,
    Author = {Detmar Meurers},
    Year = {2009},
    Title = {On the automatic analysis of learner language},
    Journal = {CALICO Journal},
    Volume = {26},
    Pages = {469-473}
}

@inproceedings{krivanek-meurers-2011,
    Author = {Julia Krivanek and Detmar Meurers},
    Year = {2011},
    Title = {Comparing rule-based and data-driven dependency parsing of learner language},
    Booktitle = {Proceedings of the International Conference on Dependency Linguistics (Depling 2011)},
}

@inproceedings{ott-ziai-2010,
    Author = {Niels Ott and Ramon Ziai},
    Year = {2010},
    Title = {Evaluating dependency parsing performance on German learner language},
    Booktitle = {Proceedings of the Ninth International Workshop on Treebanks and Linguistic Theories},
}

@inproceedings{wagner-foster-2009,
    Author = {Joachim Wagner and Jennifer Foster},
    Year = {2009},
    Title = {The effect of correcting grammatical errors on parse probabilities},
    Booktitle = {Proceedings of the 11th International Conference on Parsing Technologies},
}

@inproceedings{geertzen-et-al-2013,
    Author = {Jeroen Geertzen and Theodora Alexopoulou and Anna Korhonen},
    Year = {2013},
    Title = {Automatic linguistic annotation of large scale L2 databases: the EF-Cambridge Open Language Database (\textsc{EFCAMDAT})},
    Booktitle = {Proceedings of the 31st Second Language Research Forum},
    Publisher = {Somerville, MA: Cascadilla Proceedings Project}
}

@article{dickinson-lee-2009,
    Author = {Markus Dickinson and Chong Min Lee},
    Year = {2009},
    Title = {Modifying corpus annotation to support the analysis of learner language},
    Journal = {CALICO Journal},
    Volume = {26},
    Pages = {545-561}
}

@inproceedings{dickinson-ragheb-2009,
    Author = {Markus Dickinson and Marwa Ragheb},
    Year = {2009},
    Title = {Dependency annotation for learner corpora},
    Booktitle = {Proceedings of the Eighth International Workshop on Treebanks and Linguistic Theories (NEALT 2009)},
}

@inproceedings{dickinson-ragheb-2011,
    Author = {Markus Dickinson and Marwa Ragheb},
    Year = {2011},
    Title = {Dependency annotation of coordination for learner language},
    Booktitle = {Proceedings of the International Conference on Dependency Linguistics (Depling 2011)},
}

@inproceedings{ragheb-dickinson-2011,
    Author = {Marwa Ragheb and Markus Dickinson},
    Year = {2011},
    Title = {Avoiding the comparative fallacy in the annotation of laerner corpora},
    Booktitle = {Selected Proceedings of the 2010 Second Language Research Forum},
    Publisher = {Somerville, MA: Cascadilla Proceedings Project}
}

@incollection{bleyvroman-1989,
    Author = {Robert Bley-Vroman},
    Year = {1989},
    Title = {What is the logical problem of foreign language learning?},
    Booktitle = {Linguistic perspectives on second language acquisition},
    Editor = {Susan M. Glass and Jacquelyn Schachter},
    Publisher = {New York: Cambridge University Press}
}

@inproceedings{rasooli-tetreault-2014,
    Author = {Mohammad Sadegh Rasooli and Joel Tetreault},
    Year = {2014},
    Title = {Non-monotonic parsing of \emph{Fluent umm I Mean} disfluent sentences},
    Booktitle = {Proceedings of the 14th Conference of the European Chapter of the Association for Computational Linguistics (EACL 2014)},
    Publisher = {Association for Computational Linguistics}
}

@inproceedings{cho-et-al-2014,
    Author = {Eunah Cho and Jan Niehues and Alex Waibel},
    Year = {2014},
    Title = {Tight integration of speech disfluency removal into SMT},
    Booktitle = {Proceedings of the 14th Conference of the European Chapter of the Association for Computational Linguistics (EACL 2014)},
    Publisher = {Association for Computational Linguistics}
}

@article{lease-et-al-2006,
    Author = {Matthew Lease and Mark Johnson and Eugene Charniak},
    Year = {2006},
    Title = {Recognizing disfluencies in conversational speech},
    Journal = {IEEE Transactions on Audio, Speech, and Language Processing},
    Volume = {14},
    Pages = {1566-1573}
}

@inproceedings{fitzgerald-et-al-2009,
    Author = {Erin Fitzgerald and Keith Hall and Frederick Jelinek},
    Year = {2009},
    Title = {Reconstructing false start errors in spontaneous speech text},
    Booktitle = {Proceedings of the 12th Conference of the European Chapter of the Association for Computational Linguistics (EACL)},
    Publisher = {Association for Computational Linguistics}
}

@inproceedings{kochmar-briscoe-2014,
    Author = {Ekaterina Kochmar and Ted Briscoe},
    Year = {2014},
    Title = {Detecting learner errors in the choice of content words using compositional distributional semantics},
    Booktitle = {Proceedings of the 25th International Conference on Computational Linguistics (COLING)},
    Publisher = {Association for Computational Linguistics}
}

@inproceedings{ng-et-al-2014,
    Author = {Hwee Tou Ng and Siew Mei Wu and Ted Briscoe and Christian Hadiwinoto and Raymond Hendy Susanto and Christopher Bryant},
    Year = {2014},
    Title = {The CoNLL-2014 Shared Task on Grammatical Error Correction},
    Booktitle = {Eighteenth Conference on Computational Natural Language Learning, Proceedings of the Shared Task},
    Publisher = {Association for Computational Linguistics}
}

@inproceedings{zinsmeister-et-al-2014,
    Author = {Heike Zinsmeister and Ulrich Heid and Kathrin Beck},
    Year = {2014},
    Title = {Adapting a part-of-speech tagset to non-standard text: the case of STTS},
    Booktitle = {Proceedings of the Ninth International Conference on Language Resources and Evaluation (LREC)},
    Publisher = {European Language Resources Association}
}

@inproceedings{vanrooy-schafer-2003,
    Author = {Bertus van Rooy and Lande Sch\"{a}fer},
    Year = {2003},
    Title = {An evaluation of three POS taggers for the tagging of the Tswana Learner English Corpus},
    Booktitle = {Proceedings of the Corpus Linguistics 2003 Conference},
    Publisher = {Lancaster University}
}

@inproceedings{thouesny-2011,
    Author = {Sylvie Thou\"{e}sny},
    Year = {2011},
    Title = {Increasing the reliability of a part-of-speech tagging tool for use with learner language},
    Booktitle = {Proceedings of the Pre-conference Workshop on Automatic Analysis of Learner Language, CALICO Conference 2009},
}

@article{rimell-clark-2009,
    Author = {Laura Rimell and Stephen Clark},
    Year = {2009},
    Title = {Porting a lexicalized-grammar parser to the biomedical domain},
    Journal = {Journal of Biomedical Informatics},
    Volume = {42},
    Pages = {852-865}
}

@inproceedings{king-et-al-2003,
    Author = {Tracy H. King and Richard Crouch and Stefan Riezler and Mary Dalrymple and Ronald M. Kaplan},
    Year = {2003},
    Title = {The PARC700 Dependency Bank},
    Booktitle = {Proceedings of the 4th International Workshop on Linguistically Interpreted Corpora (LINC 2003)},
}

@inproceedings{briscoe-carroll-2006,
    Author = {Ted Briscoe and John Carroll},
    Year = {2006},
    Title = {Evaluating the accuracy of an unlexicalized statistical parser on the PARC DepBank},
    Booktitle = {Proceedings of the COLING/ACL 2006 Main Conference Poster Sessions},
    Publisher = {Association for Computational Linguistics}
}

@article{edwards-2014,
    Author = {Alison Edwards},
    Year = {2014},
    Title = {The progressive aspect in the Netherlands and the ESL/EFL continuum},
    Journal = {World Englishes},
    Volume = {33},
    Pages = {173-194}
}

@article{honnibal-johnson-2014,
    Author = {Matthew Honnibal and Mark Johnson},
    Year = {2014},
    Title = {Joint incremental disfluency detection and dependency parsing},
    Journal = {Transactions of the Association for Computational Linguistics},
    Volume = {2},
    Pages = {131-142}
}

@inproceedings{tono-2003,
    Author = {Yukio Tono},
    Year = {2003},
    Title = {Learner corpora: design, development and applications},
    Booktitle = {Proceedings of the Corpus Linguistics 2003 conference; UCREL technical paper number 16},
    Editor = {Dawn Archer and Paul Rayson and Andrew Wilson and Tony McEnery},
    Publisher = {Lancaster University}
}

@book{granger-et-al-2009,
    Author = {Sylviane Granger and Estelle Dagneaux and Fanny Meunier and Magali Paquot},
    Year = {2009},
    Title = {International Corpus of Learner English v2},
    Publisher = {Louvain-la-Neuve, Belgium: Presses universitaires de Louvain}
}

@inproceedings{geertzen-et-al-2014,
    Author = {Jeroen Geertzen and Theodora Alexopoulou and Anna Korhonen},
    Year = {2014},
    Title = {Automatic linguistic annotation of large scale L2 databases: The EF-Cambridge Open Language Database (EFCAMDAT)},
    Booktitle = {Selected Proceedings of the 2012 Second Language Research Forum: Building Bridges between Disciplines},
    Editor = {Ryan T. Miller and Katherine I. Martin and Chelsea M. Eddington and Ashlie Henery and Nausica Marcos Miguel and Alison M. Tseng and Alba Tuninetti and Daniel Walter},
    Publisher = {Somerville, MA: Cascadilla Proceedings Project}
}

@incollection{buttery-caines-2012b,
    Author = {Paula J. Buttery and Andrew Caines},
    Year = {2012},
    Title = {Normalising frequency counts to account for `opportunity of use' in learner corpora},
    Booktitle = {Developmental and Crosslinguistic Perspectives in Learner Corpus Research},
    Editor = {Yukio Tono and Yuji Kawaguchi and Makoto Minegishi},
    Publisher = {Amsterdam: John Benjamins}
}

@book{hawkins-filipovic-2012,
    Author = {John A. Hawkins and Luna Filipovi\'{c}},
    Year = {2012},
    Title = {Criterial Features in L2 English: Specifying the Reference Levels of the Common European Framework},
    Publisher = {Cambridge: Cambridge University Press}
}

@article{hawkins-buttery-2010,
    Author = {John A. Hawkins and Paula J. Buttery},
    Year = {2010},
    Title = {Criterial Features in Learner Corpora: theory and illustrations},
    Journal = {English Profile Journal},
    Volume = {1},
    Pages = {e5}
}

@article{saville-hawkey-2010,
    Author = {Nick Saville and Roger Hawkey},
    Year = {2010},
    Title = {The English Profile Programme \textendash~the first three years},
    Journal = {English Profile Journal},
    Volume = {1},
    Pages = {e7}
}

@article{trim-2010,
    Author = {John L. M. Trim},
    Year = {2010},
    Title = {The Modern Languages Programme of the Council of Europe as a background to the English Profile Programme},
    Journal = {English Profile Journal},
    Volume = {1},
    Pages = {e2}
}

@book{coe-2001,
    Author = {{Council of Europe}},
    Year = {2001},
    Title = {Common European Framework of Reference for Languages},
    Publisher = {Cambridge: Cambridge University Press}
}

@book{wickham-2009,
    Author = {Hadley Wickham},
    Year = {2009},
    Title = {ggplot2: Elegant Graphics for Data Analysis},
    Publisher = {Dordrecht: Springer}
}

@inproceedings{kobayashi-abe-2014,
    Author = {Yuichiro Kobayashi and Mariko Abe},
    Year = {2014},
    Title = {A machine learning approach to the effects of writing task prompts},
    Booktitle = {Proceedings of Learner Corpus Studies in Asia and the World}
}

@article{sprouse-2007,
    Author = {Jon Sprouse},
    Year = {2007},
    Title = {Continuous acceptability, categorical grammaticality, and experimental syntax},
    Journal = {Biolinguistics},
    Volume = {1},
    Pages = {118-129}
}

@book{culicover-1999,
    Author = {Peter W. Culicover},
    Year = {1999},
    Title = {Syntactic Nuts: hard cases, syntactic theory, and language acquisition},
    Publisher = {Oxford: Oxford University Press}
}

@book{quirk-et-al-1985,
    Author = {Randolph Quirk and Sidney Greenbaum and Geoffrey Leech and Jan Svartvik},
    Year = {1985},
    Title = {A comprehensive grammar of the English Language},
    Publisher = {London: Longman}
}

@book{huddleston-pullum-2002,
    Author = {Rodney D. Huddleston and Geoffrey K. Pullum},
    Year = {2002},
    Title = {The Cambridge Grammar of the English Language},
    Publisher = {Cambridge: Cambridge University Press}
}

@article{levelt-1999,
    Author = {William J. M. Levelt},
    Year = {1999},
    Title = {Models of word production},
    Journal = {Trends in Cognitive Sciences},
    Volume = {3},
    Pages = {223-232}
}

@article{theakston-2004,
    Author = {Anna L. Theakston},
    Year = {2004},
    Title = {The role of entrenchment in children's and adults' performance on grammaticality judgment tasks},
    Journal = {Cognitive Development},
    Volume = {19},
    Pages = {15-34}
}

@article{nooteboom-quene-2014,
    Author = {Sieb Nooteboom and Hugo Quen\'{e}},
    Year = {2014},
    Title = {Word onsets and speech errors. Explaining relative frequencies of segmental substitutions},
    Journal = {Journal of Memory and Language},
    Volume = {78},
    Pages = {33-46}
}

@inproceedings{dejong-bosker-2013,
    Author = {Nivja {de Jong} and Hans Rutger Bosker},
    Year = {2013},
    Title = {Choosing a threshold for silent pauses to measure second language fluency},
    Booktitle = {Proceedings of Disfluency in Spontaneous Speech (DiSS 2013)}
}

@book{tei-2014,
    Author = {Lou Burnard and Syd Bauman},
    Year = {2014},
    Title = {TEI P5: Guidelines for electronic text encoding and interchange (Version 2.6.0.)},
    Publisher = {Charlottesville, VA: Text Encoding Initiative Consortium}
}

@manual{voice-2007,
    Author = {Barbara Seidlhofer and Angelika Breiteneder and Theresa Klimpfinger and Stefan Majewski and Ruth Osimk-Teasdale and Marie-Luise Pitzl and Michael Radeka},
    Title = {VOICE Transcription Conventions (Version 2.1.)},
    Year = {2007}
}

@book{switchboard-1995,
    Author = {Marie Meteer and Ann Taylor and Robert MacIntyre and Rukmini Iyer},
    Year = {1995},
    Title = {Dysfluency annotation stylebook for the Switchboard corpus},
    Publisher = {Linguistic Data Consortium}
}

@inproceedings{copestake-2007,
    Author = {Ann Copestake},
    Year = {2007},
    Title = {Semantic composition with (Robust) Minimal Recursion Semantics},
    Booktitle = {Proceedings of the ACL Workshop on Deep Linguistic Processing},
    Publisher = {Association for Computational Linguistics}
}

@book{chomsky-1965,
    Author = {Noam Chomsky},
    Year = {1965},
    Title = {Aspects of the Theory of Syntax},
    Publisher = {Cambridge, MA: MIT Press}
}

@article{shriberg-et-al-2000,
    Author = {Elizabeth Shriberg and Andreas Stolcke and Dilek Hakkani-T\"{u}r and G\"{o}khan T\"{u}r},
    Year = {2000},
    Title = {Prosody-based automatic segmentation of speech into sentences and topics},
    Journal = {Speech Communication},
    Volume = {32},
    Pages = {127-154}
}

@inproceedings{cheng-et-al-2014,
    Author = {Jian Cheng and Yuan Zhao D'Antilio and Xin Chen and Jared Bernstein},
    Year = {2014},
    Title = {Automatic assessment of the speech of young English learners},
    Booktitle = {Proceedings of the Ninth Workshop on Innovative Use of NLP for Building Educational Applications},
    Publisher = {Association for Computational Linguistics}
}

@inproceedings{kharkwal-muresan-2014,
    Author = {Gaurav Kharkwal and Smaranda Muresan},
    Year = {2014},
    Title = {Surprisal as a predictor of essay quality},
    Booktitle = {Proceedings of the Ninth Workshop on Innovative Use of NLP for Building Educational Applications},
    Publisher = {Association for Computational Linguistics}
}

@inproceedings{madnani-et-al-2011,
    Author = {Nitin Madnani and Joel Tetreault and Martin Chodorow and Alla Rozovskaya},
    Year = {2011},
    Title = {They can help: using crowdsourcing to improve the evaluation of grammatical error detection systems},
    Booktitle = {Proceedings of the 49th Annual Meeting of the Association for Computational Linguistics},
    Publisher = {Association for Computational Linguistics}
}

@article{bernstein-et-al-2010,
    Author = {Jared Bernstein and Alistair Van Moere and Jian Cheng},
    Year = {2010},
    Title = {Validating automated speaking tests},
    Journal = {Language Testing},
    Volume = {27},
    Pages = {355-377}
}

@article{eskenazi-2009,
    Author = {Maxine Eskenazi},
    Year = {2009},
    Title = {An overview of spoken language technology for education},
    Journal = {Speech Communication},
    Volume = {51},
    Pages = {832-844}
}

@article{higgins-et-al-2011,
    Author = {Derrick Higgins and Xiaoming Xi and Klaus Zechner and David Williamson},
    Year = {2011},
    Title = {A three-stage approach to the automated scoring of spontaneous spoken responses},
    Journal = {Computer Speech and Language},
    Volume = {25},
    Pages = {282-306}
}

@inproceedings{xie-et-al-2012,
    Author = {Shasha Xie and Keelan Evanini and Klaus Zechner},
    Year = {2012},
    Title = {Exploring content features for automated speech scoring},
    Booktitle = {Proceedings of the 2012 Conference of the North American Chapter of the Association for Computational Linguistics: Human Language Technologies},
    Publisher = {Association for Computational Linguistics}
}

@manual{tandalla-2012,
    Author = {Luis Tandalla},
    Year = {2012},
    Title = {ASAP Short Answer Scoring Competition system description: Scoring short answer essays},
    Organization = {Kaggle Competitions: The Hewlett Foundation short answer scoring 2012},
    Note = {URL http://kaggle2.blob.core.windows.net/competitions/kaggle/2959/media/TechnicalMethodsPaper.pdf}
}

@manual{zbontar-2012,
    Author = {Jure Zbontar},
    Year = {2012},
    Title = {ASAP Short Answer Scoring Competition system description: Short answer scoring by stacking},
    Organization = {Kaggle Competitions: The Hewlett Foundation short answer scoring 2012},
    Note = {URL http://kaggle2.blob.core.windows.net/competitions/kaggle/2959/media/jzbontar.pdf}
}

@phdthesis{kochmar-2015,
    Author = {Ekaterina Kochmar},
    Year = {2015},
    Title = {Error detection in content word combinations},
    School = {University of Cambridge}
}

@inproceedings{andersen-et-al-2013,
    Author = {{\O}istein Andersen and Helen Yannakoudakis and Fiona Barker and Tim Parish},
    Year = {2013},
    Title = {Developing and testing a self-assessment and tutoring system},
    Booktitle = {Proceedings of the Eighth Workshop on Innovative Use of NLP for Building Educational Applications},
    Publisher = {Association for Computational Linguistics}
}

@article{chodorow-et-al-2010,
    Author = {Martin Chodorow and Michael Gamon and Joel Tetreault},
    Year = {2010},
    Title = {The utility of article and preposition error correction systems for English language learners: feedback and assessment},
    Journal = {Language Testing},
    Volume = {27},
    Pages = {419-436}
}

@inproceedings{dahlmeier-ng-2011,
    Author = {Daniel Dahlmeier and Hwee Tou Ng},
    Year = {2011},
    Title = {Correcting semantic collocation errors with L1-induced paraphrases},
    Booktitle = {Proceedings of the 2011 Conference on Empirical Methods in Natural Language Processing (EMNLP)},
    Publisher = {Association for Computational Linguistics}
}

@incollection{gamon-et-al-2013,
    Author = {Michael Gamon and Martin Chodorow and Claudia Leacock and Joel Tetreault},
    Year = {2013},
    Title = {Grammatical error detection in automated essay scoring and feedback},
    Booktitle = {Handbook of Automated Essay Evaluation},
    Editor = {Mark D. Shermis and Jill Burstein},
    Publisher = {London: Routledge}
}

@inproceedings{christensen-et-al-2001,
    Author = {Heidi Christensen and Yoshihiko Gotoh and Steve Renals},
    Year = {2001},
    Title = {Punctuation annotation using statistical prosody models},
    Booktitle = {ISCA Workshop on Prosody in Speech Recognition and Understanding}
}

@inproceedings{gotoh-renals-2000,
    Author = {Yoshihiko Gotoh and Steve Renals},
    Year = {2000},
    Title = {Sentence boundary detection in broadcast speech transcripts},
    Booktitle = {Proceedings of ISCA Workshop: Automatic Speech Recognition: Challenges for the New Millennium}
}

@inproceedings{kim-woodland-2001,
    Author = {Kim, Ji-Hwan and Woodland, Philip C.},
    Year = {2001},
    Title = {The use of prosody in a combined system for punctuation generation and speech recognition},
    Booktitle = {Proceedings of the European Conference on Speech Communication and Technology}
}

@inproceedings{liu-et-al-2005a,
    Author = {Yang Liu and Andreas Stolcke and Elizabeth Shriberg and Mary Harper},
    Year = {2005},
    Title = {Using conditional random fields for sentence boundary detection in speech},
    Booktitle = {Proceedings of the 43rd Annual Meeting of the ACL},
    Publisher = {Association for Computational Linguistics}
}

@article{liu-et-al-2005b,
    Author = {Yang Liu and Elizabeth Shriberg and Andreas Stolcke and Barbara Peskin and Jeremy Ang and Dustin Hillard and Mari Ostendorf and Marcus Tomalin and Phil Woodland and Mary Harper},
    Year = {2005},
    Title = {Structural metadata research in the EARS Program},
    Journal = {Proceedings of ICASSP 2005},
    Volume = {5},
    Pages = {957-960}
}

@inproceedings{tomalin-et-al-2007,
  author    = {Marcus Tomalin and
               Mark J. F. Gales and
               X. Andrew Liu and
               Khe Chai Sim and
               Rohit Sinha and
               Lan Wang and
               Philip C. Woodland and
               Kai Yu},
  title     = {Improving Speech Transcription for Mandarin-English Translation},
  booktitle = {Proceedings of the {IEEE} International Conference on Acoustics, Speech,
               and Signal Processing, (ICASSP)},
  year      = {2007},
}

@article{liu-et-al-2006,
    Author = {Yang Liu and Elizabeth Shriberg and Andreas Stolcke and Dustin Hillard and Mari Ostendorf and Mary Harper},
    Year = {2006},
    Title = {Enriching speech recognition with automatic detection of sentence boundaries and disfluencies},
    Journal = {IEEE Transactions on Audio Speech, and Language Processing},
    Volume = {14},
    Pages = {1526-1540}
}

@inproceedings{roark-et-al-2006,
    Author = {Brian Roark and Yang Liu and Mary Harper and Robin Stewart and Matthew Lease and Matthew Snover and Izhak Shafran and Bonnie Dorr and John Hale and Anna Krasnyanskaya and Lisa Yung},
    Year = {2006},
    Title = {Reranking for sentence boundary detection in conversational speech},
    Booktitle = {Proceedings of the International Conference on Acoustics, Speech and Signal Processing (ICASSP)},
    Publisher = {Institute of Electrical and Electronics Engineers}
}

@inproceedings{favre-et-al-2008,
    Author = {Benoit Favre and Dilek Hakkani-T\"{u}r and Slav Petrov and Dan Klein},
    Year = {2008},
    Title = {Efficient sentence segmentation using syntactic features},
    Booktitle = {Proceedings of the IEEE Spoken Language Technology Workshop (SLT)},
    Publisher = {Institute of Electrical and Electronics Engineers}
}

@inproceedings{lee-glass-2012,
    Author = {Ann Lee and James Glass},
    Year = {2012},
    Title = {Sentence detection using multiple annotations},
    Booktitle = {Proceedings of INTERSPEECH 2012},
    Publisher = {International Speech Communication Association}
}

@inproceedings{xu-et-al-2014,
    Author = {Chenglin Xu and Lei Xie and Guangpu Huang and Xiong Xiao and Eng Siong Chng and Haizhou Li},
    Year = {2014},
    Title = {A deep neural network approach for sentence boundary detection in broadcast news},
    Booktitle = {Proceedings of INTERSPEECH 2014},
    Publisher = {International Speech Communication Association}
}

@incollection{housen-et-al-2012b,
    Author = {Alex Housen and Folkert Kuiken and Ineke Vedder},
    Year = {2012},
    Title = {Complexity, accuracy and fluency: Definitions, measurement and research},
    Booktitle = {Dimensions of L2 performance and proficiency: Complexity, accuracy and fluency in SLA},
    Editor = {Alex Housen and Folkert Kuiken and Ineke Vedder},
    Publisher = {Amsterdam: John Benjamins}
}

@book{housen-et-al-2012a,
    Year = {2012},
    Title = {Dimensions of L2 performance and proficiency: Complexity, accuracy and fluency in SLA},
    Editor = {Alex Housen and Folkert Kuiken and Ineke Vedder},
    Publisher = {Amsterdam: John Benjamins}
}

@incollection{skehan-1996,
    Author = {Peter Skehan},
    Year = {1996},
    Title = {Second language acquisition and task-based instruction},
    Booktitle = {Challenge and change in language teaching},
    Editor = {Jane Willis and David Willis},
    Publisher = {Oxford: Heinemann}
}

@inproceedings{caines-buttery-2014,
    Author = {Andrew Caines and Paula Buttery},
    Year = {2014},
    Title = {The effect of disfluencies and learner errors on the parsing of spoken learner language},
    Booktitle = {Proceedings of the First Joint Workshop on Statistical Parsing of Morphologically Rich Languages and Syntactic Analysis of Non-Canonical Languages}
}

@inproceedings{bhat-et-al-2010,
    Author = {Suma Bhat and Mark Hasegawa-Johnson and Richard Sproat},
    Year = {2010},
    Title = {Automatic fluency assessment by signal-level measurement of spontaneous speech},
    Booktitle = {Proceedings of INTERSPEECH 2010 Satellite Workshop on Second Language Studies},
    Publisher = {International Speech Communication Association}
}

@incollection{burstein-2003,
    Author = {Jill Burstein},
    Year = {2003},
    Title = {The \emph{e-rater}\textregistered scoring engine: Automated essay scoring with natural language processing},
    Booktitle = {Automated essay scoring: A cross-disciplinary perspective},
    Editor = {Mark Shermis and Jill Burstein},
    Publisher = {Hillsdale, NJ: Lawrence Erlbaum Associates}
}

@article{gamon-et-al-2009,
    Author = {Michael Gamon and Claudia Leacock and Chris Brockett and William Dolan and Jianfeng Gao and Dmitriy Belenko and Alexandre Klementiev},
    Year = {2009},
    Title = {Using statistical techniques and web search to correct ESL errors},
    Journal = {Calico Journal},
    Volume = {26},
    Pages = {491-511}
}

@book{manning-schutze-1999,
    Author = {Christopher D. Manning and Hinrich Sch\"{u}tze},
    Year = {1999},
    Title = {Foundations of Statistical Natural Language Processing},
    Publisher = {Cambridge, MA: MIT Press}
}

@book{leacock-et-al-2014,
    Author = {Claudia Leacock and Martin Chodorow and Michael Gamon and Joel Tetreault},
    Year = {2014},
    Title = {Automated Grammatical Error Detection for Language Learners, 2nd edn.},
    Publisher = {San Rafael, CA: Morgan \& Claypool}
}

@article{kilgarriff-grefenstette-2003,
    Author = {Adam Kilgarriff and Gregory Grefenstette},
    Year = {2003},
    Title = {Introduction to the Special Issue on the Web as Corpus},
    Journal = {Computational Linguistics},
    Volume = {29},
    Number = {3}
}

@incollection{abney-bird-2010,
    Author = {Steven Abney and Steven Bird},
    Year = {2010},
    Title = {The Human Language Project: Building a Universal Corpus of the World's Languages},
    Booktitle = {Proceedings of the 48th Annual Meeting of the Association for Computational Linguistics},
    Publisher = {Association for Computational Linguistics}
}

@article{dewet-et-al-2009,
    Author = {Febe {de Wet} and Christa {Van der Welt} and Thomas Niesler},
    Year = {2009},
    Title = {Automatic assessment of oral language proficiency and listening comprehension},
    Journal = {Speech Communication},
    Volume = {51},
    Pages = {864-874}
}

@inproceedings{cucchiarini-et-al-2014,
    Author = {Catia Cucchiarini and Stephen Bodnar and Bart {Penning de Vries} and Roeland {van Hout} and Helmer Strik},
    Year = {2014},
    Title = {ASR-based CALL systems and learner speech data: new resources and opportunities for research and development in second language learning},
    Booktitle = {Proceedings of the Ninth International Conference on Language Resources and Evaluation (LREC)},
    Publisher = {European Language Resources Association}
}

@article{norris-ortega-2009,
    Author = {John M Norris and Lourdes Ortega},
    Year = {2009},
    Title = {Towards an organic approach to investigating CAF in instructed SLA: the case of complexity},
    Journal = {Applied Linguistics},
    Volume = {30},
    Pages = {555-578}
}

@article{larsenfreeman-2009,
    Author = {Diane Larsen-Freeman},
    Year = {2009},
    Title = {Adjusting expectations: the study of {C}omplexity, {A}ccuracy, and {F}luency in {S}econd {L}anguage {A}cquisition},
    Journal = {Applied Linguistics},
    Volume = {30},
    Pages = {579-589}
}

@article{chandler-et-al-2014,
    Author = {Jesse Chandler and Pam Mueller and Gabriele Paolacci},
    Year = {2014},
    Title = {Nonna\"{i}vet\'{e} among Amazon Mechanical Turk workers: consequences and solutions for behavioral researchers},
    Journal = {Behavior Research},
    Volume = {46},
    Pages = {112-130}
}

@article{rand-et-al-2014,
    Author = {David Rand and Alexander Peysakhovich and Gordon Kraft-Todd and George Newman and Owen Wurzbacher and Martin Nowak and Joshua Greene},
    Year = {2014},
    Title = {Social heuristics shape intuitive cooperation},
    Journal = {Nature Communications},
    Volume = {5},
    Issue = {3677}
}

@inproceedings{switchboard,
    Author = {John J. Godfrey and Edward C. Holliman and Jane McDaniel},
    Year = {1992},
    Title = {{SWITCHBOARD}: telephone speech corpus for research and development},
    Booktitle = {Proceedings of Acoustics, Speech, and Signal Processing (ICASSP-92)},
    Publisher = {IEEE}
}

@inproceedings{cieri-et-al-2004,
    Author = {Christopher Cieri and David Miller and Kevin Walker},
    Year = {2004},
    Title = {The Fisher Corpus: a resource for the next generations of speech-to-text},
    Booktitle = {Proceedings of the 4th International Conference on Language Resources and Evaluation (LREC)},
    Publisher = {European Language Resources Association}
}

@inproceedings{garofolo-et-al-1997,
    Author = {John Garofolo and Jonathan Fiscus and William Fisher},
    Year = {1997},
    Title = {Design and preparation of the 1996 Hub-4 Broadcast News benchmark test corpora},
    Booktitle = {Proceedings of the DARPA Speech Recognition Workshop}
}

@inproceedings{bigi-2012,
    Author = {Brigitte Bigi},
    Year = {2012},
    Title = {SPPAS: a tool for the phonetic segmentation of speech},
    Booktitle = {Proceedings of the 8th International Conference on Language Resources and Evaluation (LREC)},
    Publisher = {European Language Resources Association}
}

@inproceedings{sabou-et-al-2014,
    Author = {Marta Sabou and Kalina Bontcheva and Leon Derczynski and Arno Scharl},
    Year = {2014},
    Title = {Corpus annotation through Crowdsourcing: towards best practice guidelines},
    Booktitle = {Proceedings of the 9th International Conference on Language Resources and Evaluation (LREC)},
    Publisher = {European Language Resources Association}
}

@inproceedings{vandalen-et-al-2015-icassp,
    Author = {Rogier {van Dalen} and Kate Knill and Pirros Tsiakoulis and Mark Gales},
    Year = {2015},
    Title = {Improving multiple-crowd-sourced transcriptions using a speech recogniser},
    Booktitle = {Proceedings of the International Conference on Acoustics, Speech and Signal Processing (ICASSP)},
    Publisher = {Institute of Electrical and Electronics Engineers}
}

@incollection{ballier-martin-2013,
    Author = {Nicolas Ballier and Philippe Martin},
    Year = {2013},
    Title = {Developing corpus interoperability for phonetic investigation of learner corpora},
    Booktitle = {Automatic treatment and analysis of learner corpus data},
    Editor = {Ana D\'{i}az-Negrillo and Nicolas Ballier and Paul Thompson},
    Publisher = {Amsterdam: John Benjamins}
}

@inproceedings{briscoe-carroll-1997,
    Author = {Ted Briscoe and John Carroll},
    Year = {1997},
    Title = {Automatic extraction of subcategorization from corpora},
    Booktitle = {Proceedings of the 5th ACL Conference on Applied Natural Language Processing}
}

@inproceedings{buttery-caines-2012a,
    Author = {Paula Buttery and Andrew Caines},
    Year = {2012},
    Title = {Reclassifying subcategorization frames for experimental analysis and stimulus generation},
    Booktitle = {Proceedings of the Eighth International Conference on Language Resources and Evaluation (LREC)},
    Publisher = {European Language Resources Association}
}

@unpublished{briscoe-2000,
    Author = {Ted Briscoe},
    Year = {2000},
    Title = {Dictionary and System Subcategorisation Code Mappings},
    Note = {Unpublished manuscript, University of Cambridge Computer Laboratory}
}

@misc{praat,
    Author = {Paul Boersma and David Weenink},
    Year = {2016},
    Title = {Praat: doing phonetics by computer [Computer program]. Version 6.0.14},
    Url = {http://www.praat.org}
}

@manual{R,
  title        = "R: a language and environment for statistical computing",
  author       = "{R Core Team}",
  organization = "R Foundation for Statistical Computing",
  address      = "Vienna",
  year         = "2017",
  url          = "http://www.R-project.org",
}

@inproceedings{cooper-et-al-2014,
    Author = {Sarah Cooper  and  Dewi Jones  and  Delyth Prys},
    Year = {2014},
    Title = {Developing further speech recognition resources for Welsh},
    Booktitle = {Proceedings of the First Celtic Language Technology Workshop}
}

@inproceedings{honnibal-et-al-2013,
    Author = {Matthew Honnibal and Yoav Goldberg and Mark Johnson},
    Year = {2013},
    Title = {A non-monotonic arc-eager transition system for dependency parsing},
    Booktitle = {Proceedings of the Seventh Conference on Computational Natural Language Learning},
    Publisher = {Association for Computational Linguistics}
}

@inproceedings{clark-curran-2007,
    Author = {Stephen Clark and James Curran},
    Year = {2007},
    Title = {Formalism-independent parser evaluation with CCG and DepBank},
    Booktitle = {Proceedings of the 45th Annual Meeting of the Association for Computational Linguistics (ACL)},
    Publisher = {Association for Computational Linguistics}
}

@inproceedings{riezler-et-al-2002,
    Author = {Stefan Riezler and Tracy King and Ronald Kaplan and Richard Crouch and John {Maxwell III} and Mark Johnson},
    Year = {2002},
    Title = {Parsing the Wall Street Journal using a Lexical-Functional Grammar and discriminative estimation techniques},
    Booktitle = {Proceedings of the 40th Annual Meeting of the Association for Computational Linguistics (ACL)},
    Publisher = {Association for Computational Linguistics}
}

@inproceedings{klein-manning-2003,
    Author = {Dan Klein and Christopher D. Manning},
    Year = {2003},
    Title = {Accurate unlexicalized parsing},
    Booktitle = {Proceedings of the 41st Annual Meeting of the Association for Computational Linguistics (ACL)},
    Publisher = {Association for Computational Linguistics}
}

@incollection{mikheev-2005,
    Author = {Andrei Mikheev},
    Year = {2005},
    Title = {Text segmentation},
    Booktitle = {The Oxford Handbook of Computational Linguistics},
    Editor = {Ruslan Mitkov},
    Publisher = {Oxford: Oxford University Press}
}

@inproceedings{lease-charniak-2005,
    Author = {Matthew Lease and Eugene Charniak},
    Year = {2005},
    Title = {Parsing biomedical literature},
    Booktitle = {Proceedings of the 2nd International Joint Conference on Natural Language Processing (IJCNLP)},
    Publisher = {Association for Computational Linguistics}
}

@inproceedings{foster-et-al-2011,
    Author = {Jennifer Foster and {\"{O}}zlem {\c{C}}etino{\v{g}}lu and Joachim Wagner and Joseph Le Roux and Joakim Nivre and Deirdre Hogan and Josef van Genabith},
    Year = {2011},
    Title = {From news to comment: resources and benchmarks for parsing the language of Web 2.0},
    Booktitle = {Proceedings of the 5th International Joint Conference on Natural Language Processing (IJCNLP)},
    Publisher = {Association for Computational Linguistics}
}

@inproceedings{hovy-et-al-2014,
    Author = {Dirk Hovy and Barbara Plank and Anders S{\o}gaard},
    Year = {2014},
    Title = {When POS data sets don't add up: combatting sample bias},
    Booktitle = {Proceedings of the Ninth International Conference on Language Resources and Evaluation (LREC)},
    Publisher = {European Language Resources Association}
}

@book{biber-1995,
    Author = {Douglas Biber},
    Year = {1995},
    Title = {Dimensions of register variation: a cross-linguistic comparison},
    Publisher = {Cambridge: Cambridge University Press}
}

@book{brazil-1995,
    Author = {David Brazil},
    Year = {1995},
    Title = {A grammar of speech},
    Publisher = {Oxford: Oxford University Press}
}

@book{carter-mccarthy-2006,
    Author = {Ronald Carter and Michael McCarthy},
    Year = {2006},
    Title = {Cambridge Grammar of English: A comprehensive guide. Spoken and written English grammar and usage},
    Publisher = {Cambridge: Cambridge University Press}
}

@book{carter-et-al-2011,
    Author = {Ronald Carter and Michael McCarthy and Geraldine Mark and Anne O'Keeffe},
    Year = {2011},
    Title = {English Grammar Today},
    Publisher = {Cambridge: Cambridge University Press}
}

@article{carter-mccarthy-2017,
    Author = {Ronald Carter and Michael McCarthy},
    Year = {2017},
    Title = {Spoken Grammar: where are we and where are we going?},
    Journal = {Applied Linguistics},
    Volume = {38},
    Issue = {1},
    Pages = {1-20}
}

@article{carter-mccarthy-1995,
    Author = {Ronald Carter and Michael McCarthy},
    Year = {1995},
    Title = {Grammar and the spoken language},
    Journal = {Applied Linguistics},
    Volume = {16},
    Pages = {141-158}
}

@article{amadormoreno-et-al-2013,
    Author = {Carolina {Amador Moreno} and Michael McCarthy and Anne O'Keeffe},
    Year = {2013},
    Title = {Can English provide a framework for Spanish response tokens?},
    Journal = {Yearbook of Corpus Linguistics and Pragmatics},
    Pages = {175-201}
}

@incollection{clancy-mccarthy-2015,
    Author = {Brian Clancy and Michael McCarthy},
    Year = {2015},
    Title = {Co-constructed turntaking},
    Booktitle = {Corpus Pragmatics: a handbook},
    Editor = {Karin Aijmer and Christoph R\"{u}hlemann},
    Publisher = {Cambridge: Cambridge University Press}
}

@phdthesis{shriberg-1994,
    Author = {Elizabeth Shriberg},
    Year = {1994},
    Title = {Preliminaries to a theory of speech disfluencies},
    School = {University of California, Berkeley}
}

@book{kubler-et-al-2009,
    Author = {Sandra K\"{u}bler and Ryan McDonald and Joakim Nivre},
    Year = {2009},
    Title = {Dependency parsing},
    Series = {Synthesis Lectures on Human Language Technologies},
    Publisher = {Morgan \& Claypool Publishers}
}

@misc{godfrey-holliman-1993,
    Author = {John Godfrey and Edward Holliman},
    Year = {1993},
    Title = {Switchboard-1 Release 2 LDC97S62. Web Download},
    Publisher = {Philadelphia: Linguistic Data Consortium}
}

@misc{walker-et-al-2005,
    Author = {Christopher Walker and Stephanie Strassel and Elizabeth Shriberg and Yang Liu and Jeremy Ang and Haejoong Lee},
    Year = {2005},
    Title = {RT-04 MDE Training Data Text/Annotations LDC2005T24. Web Download},
    Publisher = {Philadelphia: Linguistic Data Consortium},
    Url = {http://catalog.ldc.upenn.edu/LDC2005T24}
}

@misc{taylor-et-al-2003,
    author = {Ann Taylor and Mitchell Marcus and Beatrice Santorini},
    title = {The Penn Treebank: An Overview},
    year = {2003}
}

@inproceedings{charniak-johnson-2001,
    Author = {Eugene Charniak and Mark Johnson},
    Year = {2001},
    Title = {Edit detection and parsing for transcribed speech},
    Booktitle = {Proceedings of the 2nd Meeting of the North American Chapter of the Association for Computational Linguistics (NAACL)},
    Publisher = {Association for Computational Linguistics}
}

@article{zhang-clark-2011,
    Author = {Yue Zhang and Stephen Clark},
    Year = {2011},
    Title = {Syntactic processing using the generalized perceptron and beam search},
    Journal = {Computational Linguistics},
    Volume = {37},
    Number = {1},
    Pages = {105-151}
}

@article{nivre-2008,
    Author = {Joakim Nivre},
    Year = {2008},
    Title = {Algorithms for deterministic incremental dependency parsing},
    Journal = {Computational Linguistics},
    Volume = {34},
    Number = {4},
    Pages = {513-553}
}

@inproceedings{collins-2002,
    Author = {Michael Collins},
    Year = {2002},
    Title = {Discriminative training methods for hidden Markov models: theory and experiments with perceptron algorithms},
    Booktitle = {Proceedings of the 2002 Conference on Empirical Methods in Natural Language Processing (EMNLP)},
    Publisher = {Association for Computational Linguistics}
}

@inproceedings{buchholz-marsi-2006,
    Author = {Sabine Buchholz and Erwin Marsi},
    Year = {2006},
    Title = {CoNLL-X shared task on multilingual dependency parsing},
    Booktitle = {Proceedings of the 10th Conference on Computational Natural Language Learning (CoNLL-X)},
    Publisher = {Association for Computational Linguistics}
}

@inproceedings{demarneffe-manning-2008,
    Author = {Marie-Catherine de Marneffe and Christopher D. Manning},
    Year = {2008},
    Title = {The Stanford typed dependencies representation},
    Booktitle = {Proceedings of the COLING Workshop on Cross-framework and Cross-domain Parser Evaluation}
}

@inproceedings{demarneffe-et-al-2006,
    Author = {Marie-Catherine de Marneffe and Bill MacCartney and Christopher D. Manning},
    Year = {2006},
    Title = {Generating typed dependency parses from phrase structure parses},
    Booktitle = {Proceedings of the Fifth International Conference on Language Resources and Evaluation (LREC)},
    Publisher = {European Language Resources Association}
}

@book{bresnan-2001,
    Author = {Joan Bresnan},
    Year = {2001},
    Title = {Lexical-Functional Syntax},
    Publisher = {Oxford: Blackwell}
}

@inproceedings{johnson-charniak-2004,
    Author = {Mark Johnson and Eugene Charniak},
    Year = {2004},
    Title = {A TAG-based noisy channel model of speech repairs},
    Booktitle = {Proceedings of the 42nd Annual Meeting of the Association for Computational Linguistics (ACL)},
    Publisher = {Association for Computational Linguistics}
}

@inproceedings{zhang-nivre-2011,
    Author = {Yue Zhang and Joakim Nivre},
    Year = {2011},
    Title = {Transition-based dependency parsing with rich non-local features},
    Booktitle = {Proceedings of the 49th Annual Meeting of the Association for Computational Linguistics: Human Language Technologies (ACL-HLT)},
    Publisher = {Association for Computational Linguistics}
}

@article{ballesteros-nivre-2013,
    Author = {Miguel Ballesteros and Joakim Nivre},
    Year = {2013},
    Title = {Going to the roots of dependency parsing},
    Journal = {Computational Linguistics},
    Volume = {39},
    Number = {1}
}

@inproceedings{linzen-jaeger-2014,
    Author = {Tal Linzen and T. Florian Jaeger},
    Year = {2014},
    Title = {Investigating the role of entropy in sentence processing},
    Booktitle = {Proceedings of the 2014 ACL Workshop on Cognitive Modeling and Computational Linguistics},
    Publisher = {Association for Computational Linguistics}
}

@article{gries-deshors-2014,
    Author = {Stefan Th. Gries and Sandra C. Deshors},
    Year = {2014},
    Title = {Using regressions to explore deviations between corpus data and a standard/target: two suggestions},
    Journal = {Corpora},
    Volume = {9(1)},
    Number = {109-136}
}

@inproceedings{stolcke-shriberg-1996,
    Author = {Andreas Stolcke and Elizabeth Shriberg},
    Year = {1996},
    Title = {Automatic linguistic segmentation of conversational speech},
    Booktitle = {Proceedings of the 4th International Conference on Spoken Language Processing (ICSLP)},
    Publisher = {International Speech Communication Association}
}

@inproceedings{stolcke-et-al-1998,
    Author = {Andreas Stolcke and Elizabeth Shriberg and Rebecca Bates and Mari Ostendorf and Dilek Hakkani and Madelaine Plauche and Gokhan T\"{u}r and Yu Lu},
    Year = {1998},
    Title = {Automatic Detection of Sentence Boundaries and Disfluencies Based on Recognized Words},
    Booktitle = {Proceedings of the 4th International Conference on Spoken Language Processing (ICSLP)},
    Publisher = {International Speech Communication Association}
}

@inproceedings{moore-et-al-2015,
    Author = {Russell Moore and Andrew Caines and Calbert Graham and Paula Buttery},
    Year = {2015},
    Title = {Incremental dependency parsing and disfluency detection in spoken learner {E}nglish},
    Booktitle = {Proceedings of the 18th International Conference on Text, Speech and Dialogue (TSD)},
    Publisher = {Berlin: Springer-Verlag}
}

@article{chen-et-al-2015,
    Author = {Mei-Hua Chen and Shih-Ting Huang and Jason Chang and Hsien-Chin Liou},
    Year = {2015},
    Title = {Developing a corpus-based paraphrase tool to improve EFL learners' writing skills},
    Journal = {Computer Assisted Language Learning},
    Volume = {28},
    Pages = {22-40}
}

@manual{fried-et-al-2014,
    Author = {Roland Fried and Karen Schettlinger and Matthias Borowski},
    Year = {2014},
    Title = {robfilter: Robust Time Series Filters},
    Note = {R package version 4.1},
    Url = {http://CRAN.R-project.org/package=robfilter},
}

@manual{strassel-2003,
    Author = {Stephanie Strassel},
    Year = {2003},
    Title = {Simple metadata annotation specification},
    Note = {Version 5.0},
    Url = {https://catalog.ldc.upenn.edu/docs/LDC2004T12/SimpleMDE_V5.0.pdf}
}

@inproceedings{polifroni-et-al-2010,
    Author = {Joseph Polifroni and Stephanie Seneff and S.R.K. Branavan and Chao Wang and Regina Barzilay},
    Year = {2010},
    Title = {Good grief, I can speak it! Preliminary experiments in audio restaurant reviews},
    Booktitle = {Proceedings of the IEEE Spoken Language Technology Workshop (SLT)},
    Publisher = {Institute of Electrical and Electronics Engineers}
}

@article{foster-et-al-2000,
    Author = {Pauline Foster and Alan Tonkyn and Gillian Wigglesworth},
    Year = {2000},
    Title = {Measuring spoken language: a unit for all reasons},
    Journal = {Applied Linguistics},
    Volume = {21},
    Issue = {3},
    Pages = {354-375}
}

@article{foster-skehan-1996,
    Author = {Pauline Foster and Peter Skehan},
    Year = {1996},
    Title = {The influence of planning on performance in task based learning},
    Journal = {Studies in Second Language Acquisition},
    Volume = {18},
    Pages = {299-324}
}

@inproceedings{demarneffe-et-al-2014,
  author = {Marie-Catherine {De Marneffe} and Timothy Dozat and Natalia Silveira and Katri Haverinen and Filip Ginter and Joakim Nivre and Christopher D. Manning},
  title = {Universal Stanford Dependencies: a cross-linguistic typology},
  booktitle = {Proceedings of the Ninth International Conference on Language Resources and Evaluation (LREC'14)},
  year = {2014},
}

@article{krishna-et-al-2016,
   author = {{Krishna}, Ranjay and {Hata}, Kenji and {Chen}, Stephanie and {Kravitz}, Joshua and 
atural language tasks.},
  booktitle = {Proceedings of the 2015 Conference on Empirical Methods in Natural Language Processing},
  year      = {2015},
  url       = {http://aclweb.org/anthology/D15-1035}
}

@article{litman-et-al-2015,
  author = {Leib Litman and Jonathan Robinson and Cheskie Rosenzweig},
  title = "The relationship between motivation, monetary compensation, and data quality among US- and India-based workers on Mechanical Turk",
  journal = {Behavior Research Methods},
  volume = {47},
  number = {2},
  year = {2015},
  pages = {519-528},
}

@inproceedings{snow-et-al-2008,
  author    = {Snow, Rion  and  O'Connor, Brendan  and  Jurafsky, Daniel  and  Ng, Andrew},
  title     = {Cheap and fast \textendash~But is it good? Evaluating non-expert annotations for natural language tasks},
  booktitle = {Proceedings of the 2008 Conference on Empirical Methods in Natural Language Processing},
  month     = {October},
  year      = {2008},
  address   = {Honolulu, Hawaii},
  publisher = {Association for Computational Linguistics},
  pages     = {254--263},
  url       = {http://www.aclweb.org/anthology/D08-1027}
}

@article{aroyo-welty-2015,
  author = {Lora Aroyo and Chris Welty},
  title = "Truth is a lie: Crowd truth and the seven myths of human annotation",
  journal = {AI Magazine},
  volume = {36},
  number = {1},
  year = {2015},
  pages = {15-24},
  url = {http://dx.doi.org/10.1609/aimag.v36i1.2564}
}

@article{ball-2014,
  author = {Philip Ball},
  title = "Strength in numbers",
  journal = {Nature},
  volume = {506},
  number = {7489},
  year = {2014},
  pages = {422-423},
}

@inproceedings{schmidt-et-al-2015,
  author    = {Schmidt, Maria  and  M\"{u}ller, Markus  and  Wagner, Martin  and  St\"{u}ker, Sebastian  and  Waibel, Alex  and  Hofmann, Hansj\"{o}rg  and  Werner, Steffen},
  title     = {Evaluation of crowdsourced user input data for spoken dialog systems},
  booktitle = {Proceedings of the 16th Annual Meeting of the Special Interest Group on Discourse and Dialogue},
  year      = {2015},
}

@inproceedings{hovy-soegaard-2015,
  author = {Dirk Hovy and Anders S{\o}gaard},
  title = {Tagging performance correlates with author age},
  booktitle = {Proceedings of the 53rd Annual Meeting of the Association for Computational Linguistics and the 7th International Joint Conference on Natural Language Processing (Short Papers)},
  year = {2015},
}

@inproceedings{saloot-et-al-2015,
  author = {Mohammad Arshi Saloot and Norisma Idris and Liyana Shuib and Ram Gopal Raj and AiTi Aw},
  title = {Toward tweets normalization using maximum entropy},
  booktitle = {Proceedings of the ACL 2015 Workshop on Noisy User-generated Text},
  year = {2015},
}

@inproceedings{plank-et-al-2014,
  author = {Barbara Plank and Dirk Hovy and Ryan McDonald and Anders S{\o}gaard},
  title = {Adapting taggers to Twitter with not-so-distant supervision},
  booktitle = {Proceedings of COLING 2014, the 25th International Conference on Computational Linguistics: Technical Papers},
  year = {2014},
}

@inproceedings{lynn-et-al-2015,
  author = {Teresa Lynn and Kevin Scannell and Eimear Maguire},
  title = {Minority language Twitter: Part-of-speech tagging and analysis of Irish tweets},
  booktitle = {Proceedings of the ACL 2015 Workshop on Noisy User-generated Text},
  year = {2015},
}

@inproceedings{derczynski-et-al-2013,
  author = {Leon Derczynski and Alan Ritter and Sam Clark and Kalina Bontcheva},
  title = {Twitter part-of-speech tagging for all: Overcoming sparse and noisy data},
  booktitle = {Proceedings of Recent Advances in Natural Language Processing},
  year = {2013},
}

@inproceedings{kong-et-al-2014,
  author = {Lingpeng Kong and Nathan Schneider and Swabha Swayamdipta and Archna Bhatia and Chris Dyer and Noah A. Smith},
  title = {A dependency parser for tweets},
  booktitle = {Proceedings of the 2014 Conference on Empirical Methods in Natural Language Processing (EMNLP)},
  year = {2014},
}

@inproceedings{darling-et-al-2012,
  author = {William M. Darling and Michael J. Paul and Fei Song},
  title = {Unsupervised part-of-speech tagging in noisy and esoteric domains with a syntactic-semantic Bayesian HMM},
  booktitle = {Proceedings of EACL Workshop on Semantic Analysis in Social Media},
  year = {2012},
}

@inproceedings{joergensen-et-al-2015,
  author = {Anna Katrine J{\o}rgensen and Dirk Hovy and Anders S{\o}gaard},
  title = {Challenges of studying and processing dialects in social media},
  booktitle = {Proceedings of the ACL 2015 Workshop on Noisy User-generated Text},
  year = {2015},
}

@article{han-et-al-2013,
  author = {Bo Han and Paul Cook and Timothy Baldwin},
  title = {Lexical normalization for social media text},
  journal = {ACM Transactions on Intelligent Systems and Technology (TIST)},
  volume = {4},
  number = {1},
  year = {2013},
  pages = {5},
}

@inproceedings{zhang-et-al-2016,
  author = {Wanru Zhang and Andrew Caines and Paula Buttery},
  year = {2016},
  title = {Predicting author age from Weibo microblog posts},
  booktitle = {Proceedings of the Tenth International Conference on Language Resources and Evaluation (LREC'16)},
}

@inproceedings{caines-et-al-2016,
  author = {Andrew Caines and Christian Bentz and Dimitrios Alikaniotis and Fridah Katushemererwe and Paula Buttery},
  year = {2016},
  title = {The Glottolog Data Explorer: Mapping the World's Languages},
  booktitle = {Proceedings of the LREC 2016 Workshop `VisLR II: Visualization as Added Value in the Development, Use and Evaluation of Language Resources'}
}

@inproceedings{tseng-et-al-2005a,
  author = {Huihsin Tseng and Pichuan Chang and Andrew Galen and Daniel Jurafsky and Christopher Manning},
  title = {A conditional random field word segmenter},
  booktitle = {Proceedings of the 4th SIGHAN Workshop on Chinese Language Processing},
  year = {2005},
}

@inproceedings{tseng-et-al-2005b,
    author = {Huihsin Tseng and Daniel Jurafsky and Christopher Manning},
    booktitle = {Proceedings of the Fourth SIGHAN Workshop on Chinese Language Processing},
    title = {Morphological features help POS tagging of unknown words across language varieties},
    year = {2005},
    pages = {32-39}
}

@inproceedings{foster-et-al-2011,
  author = {Jennifer Foster and {\"{O}}zlem {\c{C}}etino{\v{g}}lu and Joachim Wagner and Joseph Le Roux and Joakim Nivre and Deirdre Hogan and Josef van Genabith},
  title = {From news to comment: resources and benchmarks for parsing the language of Web 2.0},
  booktitle = {Proceedings of the 5th International Joint Conference on Natural Language Processing (IJCNLP)},
  year = {2011},
}

@inproceedings{baldwin-et-al-2013,
  author = {Timothy Baldwin and Paul Cook and Marco Lui and Andrew MacKinlay and and Li Wang},
  title = {How noisy social media text, how diffrnt social media sources?},
  booktitle = {Proceedings of the 6th International Joint Conference on Natural Language Processing (IJCNLP)},
  year = {2013},
}

@inproceedings{eisenstein-2013,
  author = {Jacob Eisenstein},
  title = {What to do about bad language on the internet},
  booktitle = {Proceedings of NAACL-HLT},
  year = {2013},
}

@article{alegria-et-al-2015,
 author = {Alegria, I{\~{n}}aki and Aranberri, Nora and Comas, Pere R. and Fresno, V{\'{\i}}ctor and Gamallo, Pablo and Padr{\'{o}}, Lluis and San Vicente, I{\~{n}}aki and Turmo, Jordi and Zubiaga, Arkaitz},
 title = {TweetNorm: A benchmark for lexical normalization of Spanish tweets},
 journal = {Language Resources and Evaluation},
 volume = {49},
 number = {4},
 year = {2015},
 pages = {883-905},
}

@manual{R,
  title        = "R: a language and environment for statistical computing",
  author       = "{R Core Team}",
  organization = "R Foundation for Statistical Computing",
  address      = "Vienna",
  year         = "2015",
  url          = "http://www.R-project.org",
}

@manual{glottolog,
  author =       "Harald Hammarstr{\"{o}}m and Robert Forkel and Martin Haspelmath and Sebastian Bank",
  title =        "Glottolog 2.7",
  organization = "Jena: Max Planck Institute for the Science of Human History",
  year =         "2016",
  url =         "http://glottolog.org",
}

@book{wals,
  address   = "Leipzig",
  editor    = "Matthew S. Dryer and Martin Haspelmath",
  publisher = "Max Planck Institute for Evolutionary Anthropology",
  title     = "The World Atlas of Language Structures Online",
  url       = "http://wals.info",
  year      = "2013"
}

@book{unesco,
  editor = "Christopher Moseley",
  year = "2010",
  title = "Atlas of the World's Languages in Danger, 3rd edn",
  address = "Paris", 
  publisher = "UNESCO Publishing",
  note = "Online version: http://www.unesco.org/culture/en/endangeredlanguages/atlas"
}

@misc{multitree,
  author = "{The LINGUIST List}",
  title = "Multitree: A digital library of language relationships",
  publisher = "Bloomington, IN: Department of Linguistics, Indiana University",
  year = "2014",
  url = "http://multitree.org",
}

@article{krauss-1992,
  author = "Michael Krauss",
  title = "The world's languages in crisis",
  journal = "Language",
  volume = "68(1)",
  pages = "4-10",
  year = "1992",
}

@article {amano-et-al-2014,
  author = {Amano, Tatsuya and Sandel, Brody and Eager, Heidi and Bulteau, Edouard and Svenning, Jens-Christian and Dalsgaard, Bo and Rahbek, Carsten and Davies, Richard G. and Sutherland, William J.},
  title = {Global distribution and drivers of language extinction risk},
  volume = {281},
  number = {1793},
  year = {2014},
  doi = {10.1098/rspb.2014.1574},
  publisher = {The Royal Society},
  issn = {0962-8452},
  eprint = {http://rspb.royalsocietypublishing.org/content/281/1793/20141574.full.pdf},
  journal = {Proceedings of the Royal Society of London B: Biological Sciences}
}

@article{mcewan-2011,
  title = "Language revitalization discourses as metaculture: Gaelic in Scotland from the 18th to 20th centuries ",
  journal = "Language and Communication ",
  volume = "31",
  number = "1",
  pages = "48 - 62",
  year = "2011",
  note = "",
  issn = "0271-5309",
  doi = "http://dx.doi.org/10.1016/j.langcom.2010.12.001",
  author = "Emily McEwan-Fujita",
}

@incollection{simons-lewis-2013,
  author = anning},
  title = {Universal Stanford Dependencies: a Cross-Linguistic Typology},
  booktitle = {Proceedings of the Ninth International Conference on Language Resources and Evaluation (LREC'14)},
  year = {2014},
}

@inproceedings{abney-bird-2010,
  author = {Steven Abney and Steven Bird},
  title = {The Human Language Project: Building a universal corpus of the world’s languages},
  booktitle = {Proceedings of the 48th Annual Meeting of the Association for Computational Linguistics},
  year = {2010},
}

@inproceedings{agic-et-al-2015,
  author = {Zeljko Agic and Dirk Hovy and Anders S{\o}gaard},
  title = {If all you have is a bit of the Bible: Learning POS taggers for truly low-resource languages},
  booktitle = {Proceedings of the 53rd Annual Meeting of the Association for Computational Linguistics},
  year = {2015},
}

@inproceedings{emerson-et-al-2014,
  author = {Guy Emerson and Liling Tan and Susanne Fertmann and Alexis Palmer and Michaela Regneri},
  title = {SeedLing: Building and using a seed corpus for the Human Language Project},
  booktitle = {Proceedings of the 2014 Workshop on the Use of Computational Methods in the Study of Endangered Languages},
  year = {2014},
}

@article{katu-nerbonne-2015,
  author =       "Fridah Katushemererwe and John Nerbonne",
  title =        "Computer-Assisted Language Learning (CALL) in support of (re-)learning native languages: The case of Runyakitara",
  journal =      "Computer Assisted Language Learning",
  volume =       "28(2)",
  pages =        "112-129",
  year =         "2015",
}

@inproceedings{campbell-et-al-2013,
  author = 	 "Lyle Campbell and Nala Huiying Lee and Eve Okura and Sean Simpson and Kaori Ueki",
  title = 	 "New Knowledge: Findings from the Catalogue of Endangered Languages (ELCat)",
  booktitle = "3rd International Conference on Language Documentation \& Conservation",
  year = 	 "2013",
  url = "http://hdl.handle.net/10125/26145"
}

@book{ethnologue,
  title =        "Ethnologue: Languages of the World",
  editor =       "M. Paul Lewis and Gary F. Simons and Charles D. Fennig",
  publisher =    "SIL International",
  year =         "2015",
  edition =      "18th",
  address =      "Dallas, TX",
  note = "Online version: http://www.ethnologue.com",
}

@incollection{caines-buttery-2017,
  author = {Andrew Caines and Paula Buttery},
  year = {2017},
  title = {The effect of topic on language use in the Cambridge Learner Corpus},
  booktitle = {Written and spoken learner corpora and their use in different contexts},
  editor = {Lynne Flowerdew and Vaclav Brezina},
  publisher = {London: Bloomsbury},
}

@article{mccullough-clopper-2016,
  author = {Elizabeth A. McCullough and Cynthia G. Clopper},
  title = {Perceptual subcategories within non-native English},
  journal = {Journal of Phonetics},
  volume = {55},
  year = {2016},
  pages = {19-37},
}

@book{labov-1966,
  author    = {William Labov},
  year      = {1966},
  title     = {The social stratification of English in New York City},
  address   = {Washington D.C.},
  publisher = {Center for Applied Linguistics},
}

@book{milroy-milroy,
  author    = {James Milroy and Lesley Milroy},
  year      = {1993},
  title     = {Real English: the grammar of English dialects in the British Isles},
  address   = {London},
  publisher = {Longman},
}

@book{trudgill-2011,
  author    = {Peter Trudgill},
  year      = {2011},
  title     = {Sociolinguistic Typology: social determinants of linguistic complexity},
  address   = {Oxford},
  publisher = {Oxford University Press},
}

@article{wieling-et-al-2014,
  author = {Martijn Wieling and Simonetta Montemagni and John Nerbonne and R. Harald Baayen},
  year = {2014},
  title = {Lexical differences between Tuscan dialects and standard Italian: accounting for geographic and socio-demographic variation using generalized additive mixed modeling},
  journal = {Language},
  volume = {93},
  issue = {3},
  pages = {669-692},
}

@inproceedings{hovy-2015,
  author    = {Dirk Hovy},
  year      = {2015},
  title     = {Demographic factors improve classification performance},
  booktitle = {Proceedings of the 53rd Annual Meeting of the Association for Computational Linguistics (ACL)},
}

@inproceedings{mukherjee-liu-2010,
  author    = {Arjun Mukherjee and Bing Liu},
  year      = {2010},
  title     = {Improving gender classification of blog authors},
  booktitle = {Proceedings of the 2010 Conference on Empirical Methods in Natural Language Processing (EMNLP)},
}

@inproceedings{nguyen-et-al-2011,
  author    = {Dong Nguyen and Noah A. Smith and Carolyn P. Ros\'{e}},
  year      = {2011},
  title     = {Author age prediction from text using linear regression},
  booktitle = {Proceedings of the 5th ACL-HLT Workshop on Language Technology for Cultural Heritage, Social Sciences, and Humanities},
}

@inproceedings{peersman-et-al-2011,
  author    = {Claudia Peersman and Walter Daelemans and Leona Van Vaerenbergh},
  year      = {2011},
  title     = {Predicting age and gender in online social networks},
  booktitle = {Proceedings of the 3rd International Workshop on Search and Mining User-generated Contents (SMUC)},
}

@inproceedings{manning-et-al-2014,
  author    = {Manning, Christopher and Surdeanu, Mihai and Bauer, John  and Finkel, Jenny and  Bethard, Steven and McClosky, David},
  title     = {The {Stanford} {CoreNLP} Natural Language Processing Toolkit},
  booktitle = {Association for Computational Linguistics (ACL) System Demonstrations},
  year      = {2014},
  pages     = {55-60},
  url       = {http://www.aclweb.org/anthology/P/P14/P14-5010}
}

@inproceedings{huang-zweig-2002,
  author    = {Jing Huang and Geoffrey Zweig},
  title     = {Maximum entropy model for punctuation annotation from speech},
  booktitle = {Proceedings of the 7th International Conference on Spoken Language Processing (ICSLP)},
  year      = {2002},
}

@book{fischer-2001,
  author    = "Steven Fischer",
  year      = "2001"
  title     = "A History of Writing",
  address   = "London",
  publisher = "Reaktion Books",
}

@incollection{dingemanse-floyd-2014,
  author    = "Mark Dingemanse and Simeon Floyd",
  year      = "2014"
  title     = "Conversation across cultures",
  editor    = "N. J. Enfield and Paul Kockelman and Jack Sidnell",
  booktitle = "The Cambridge Handbook of Linguistic Anthropology",
  address   = "Cambridge",
  publisher = "Cambridge University Press",
}

@article{sacks-et-al-1974,
  author    = "Harvey Sacks and Emanuel Schegloff and Gail Jefferson",
  year      = "1974",
  title     = "A simplest systematics for the organization of turn-taking for conversation",
  journal   = "Language",
  volume    = "50",
  issue     = "4",
  pages     = "696-735",
}

@book {biber-et-al-1999,
    author = "Douglas Biber and Stig Johansson and Geoffrey Leech and Susan Conrad and Edward Finegan",
    year = "1999",
    title = "Longman Grammar of Spoken and Written English",
    address = "Harlow",
    publisher = "Longman",
}

@book {coulmas-1996,
    author = "Florian Coulmas",
    year = "1996",
    title = "The Blackwell Encyclopedia of Writing Systems",
    address = "Oxford",
    publisher = "Blackwell",
}

@incollection{raupach-1980,
  author    = "Manfred Raupach",
  year      = "1980",
  title     = "Temporal variables in first and second language production",
  editor    = "Hans Dechert and Manfred Raupach",
  booktitle = "Temporal Variables in Speech: studies in honor of Freida Goldman-Eissler",
  address   = "The Hague",
  publisher = "Mouton",
}

@incollection{deschamps-1980,
  author    = "Alain Deschamps",
  year      = "1980",
  title     = "The syntactical distribution of pauses in English spoken as a second language by French students",
  editor    = "Hans Dechert and Manfred Raupach",
  booktitle = "Temporal Variables in Speech: studies in honor of Frieda Goldman-Eissler",
  address   = "The Hague",
  publisher = "Mouton",
}

@book{levelt-1989,
    author = "Willem Levelt",
    year = "1989",
    title = "Speaking: from intention to articulation",
    address = "Cambridge, MA",
    publisher = "MIT Press",
}

@article{henderson-et-al-1966,
    Author = {Alan Henderson and Frieda Goldman-Eisler and Andrew Skarbek},
    Year = {1966},
    Title = {Sequential temporal patterns in spontaneous speech},
    Journal = {Language and Speech},
    Volume = {9},
    Pages = {206-216}
}

@article{roberts-kirsner-2000,
    Author = {Benjamin Roberts and Kim Kirsner},
    Year = {2000},
    Title = {Temporal cycles in speech production},
    Journal = {Language and Cognitive Processes},
    Volume = {15},
    Issue = {2},
    Pages = {129-157}
}

@incollection{butterworth-1980,
   author    = "Brian Butterworth",
   year      = "1980",
   title     = "Evidence from pauses in speech",
   editor    = "Brian Butterworth",
   booktitle = "Language Production",
   address   = "London",
   publisher = "Academic Press",
}

@inproceedings{kolar-et-al-2006,
   author = {Kol\'{a}\v{r}, J\'{a}chym and Shriberg, Elizabeth and Liu, Yang},
   year = {2006},
   title = {Using prosody for automatic sentence segmentation of multi-party meetings},
   booktitle = {Proceedings of the 9th International Conference on Text, Speech and Dialogue (TSD'06)},
   address = {Berlin, Heidelberg},
   publisher = {Springer-Verlag},
} 

@inproceedings{matusov-et-al-2006,
    Author = {Evgeny Matusov and Arne Mauser and Hermann Ney},
    Year = {2006},
    Title = {Automatic sentence segmentation and punctuation prediction for spoken language translation},
    Booktitle = {Proceedings of the 3rd International Workshop on Spoken Language Translation (IWSLT)},
    Publisher = {International Speech Communication Association}
}

@misc{praat,
    Author = {Paul Boersma and David Weenink},
    Year = {2016},
    Title = {Praat: doing phonetics by computer [Computer program]. Version 6.0.14},
    Url = {http://www.praat.org}
}

@inproceedings{huang-et-al-2006,
    Author = {Zhongqiang Huang and Lei Chen and Mary Harper},
    Year = {2006},
    Title = {An open source prosodic feature extraction tool},
    Booktitle = {Proceedings of the Fifth International Conference on Language Resources and Evaluation (LREC)},
    Publisher = {European Language Resources Association}
}

@article{sproat-et-al-2001,
    Author = {Richard Sproat and Alan Black and Stanley Chen and Shankar Kumar and Mari Ostendorf and Christopher Richards},
    Year = {2001},
    Title = {Normalization of non-standard words},
    Journal = {Computer Speech and Language},
    Volume = {15},
    Pages = {287-333}
}

@inproceedings{aw-et-al-2006,
    Author = {AiTi Aw and Min Zhang and Juan Xiao and Jian Su},
    Year = {2006},
    Title = {A phrase-based statistical model for SMS text normalization},
    Booktitle = {Proceedings of the COLING/ACL 2006 Main Conference Poster Session},
    Publisher = {Association for Computational Linguistics}
}

@inproceedings{han-baldwin-2011,
    Author = {Bo Han and Timothy Baldwin},
    Year = {2011},
    Title = {Lexical normalisation of short text messages: makn sens a \#twitter},
    Booktitle = {Proceedings of the 49th Annual Meeting of the Association for Computational Linguistics},
    Publisher = {Association for Computational Linguistics}
}

@inproceedings{eisenstein-2013,
    Author = {Jacob Eisenstein},
    Year = {2013},
    Title = {What to do about bad language on the Internet},
    Booktitle = {Proceedings of NAACL-HLT 2013},
    Publisher = {Association for Computational Linguistics}
}

@manual{brown,
    Author = {W. Nelson Francis and Henry Ku\v{c}era},
    Year = {1964},
    Title = {Manual of information to accompany A Standard Corpus of Present-Day Edited American English, for use with Digital Computers},
    Publisher = {Providence, Rhode Island: Department of Linguistics, Brown University}
}

@inproceedings{kohn-et-al-2016,
    Author = {Arne K\"{o}hn and Florian Stegen and Timo Baumann},
    Title = {Mining the Spoken Wikipedia for speech data and beyond},
    Booktitle = {Proceedings of the Tenth International Conference on Language Resources and Evaluation (LREC 2016)},
    Year = {2016},
    Publisher = {European Language Resources Association (ELRA)},
}

@book{wordnet,
    Editor = {Christiane Fellbaum},
    Year = {1998},
    Title = {WordNet: An Electronic Lexical Database},
    Publisher = {Cambridge, MA: MIT Press}
}

@inproceedings{corpus-lesk,
    Author = {Adam Kilgarriff and Joseph Rosenzweig},
    Title = {English Senseval: Report and Results},
    Booktitle = {Proceedings of the Second International Conference on Language Resources and Evaluation (LREC 2000)},
    Year = {2000},
    Publisher = {European Language Resources Association (ELRA)},
}

@inproceedings{moore-et-al-2010,
    Author = {Stuart Moore and Sabine Buchholz and Anna Korhonen},
    Year = {2010},
    Title = {Annotating the Enron Email Corpus with number senses},
    Booktitle = {Proceedings of the Seventh International Conference on Language Resources and Evaluation (LREC'10)},
    Publisher = {European Language Resources Association (ELRA)},
}

@inproceedings{plank-2016,
    Author = {Barbara Plank},
    Year = {2016},
    Title = {What to do about non-standard (or \emph{non-canonical}) language in NLP},
    Booktitle = {Proceedings of the 13th Conference on Natural Language Processing (KONVENS 2016)},
    URL = {https://www.linguistics.rub.de/konvens16/pub/2_konvensproc.pdf}
}

@book{nltk,
    Author = {Steven Bird and Edward Loper and Ewan Klein},
    Year = {2009},
    Title = {Natural Language Processing with Python},
    Publisher = {Sebastopol, CA: O'Reilly Media}
}
%% SU-DELIM

@inproceedings{huang-et-al-2006,
    Author = {Zhongqiang Huang and Lei Chen and Mary Harper},
    Year = {2006},
    Title = {An open source prosodic feature extraction tool},
    Booktitle = {Proceedings of the Fifth International Conference on Language Resources and Evaluation (LREC)},
    Publisher = {European Language Resources Association}
}

@inproceedings{huang-zweig-2002,
  author    = {Jing Huang and Geoffrey Zweig},
  title     = {Maximum entropy model for punctuation annotation from speech},
  booktitle = {Proceedings of the 7th International Conference on Spoken Language Processing (ICSLP)},
  year      = {2002},
}

@inproceedings{bigi-2012,
    Author = {Brigitte Bigi},
    Year = {2012},
    Title = {SPPAS: a tool for the phonetic segmentation of speech},
    Booktitle = {Proceedings of the Eighth International Conference on Language Resources and Evaluation (LREC)},
    Publisher = {European Language Resources Association}
}

@manual{fried-et-al-2014,
    Author = {Roland Fried and Karen Schettlinger and Matthias Borowski},
    Year = {2014},
    Title = {robfilter: Robust Time Series Filters},
    Note = {R package version 4.1},
    Url = {http://CRAN.R-project.org/package=robfilter},
}

@misc{praat,
    Author = {Paul Boersma and David Weenink},
    Year = {2016},
    Title = {Praat: doing phonetics by computer [Computer program]. Version 6.0.14},
    Url = {http://www.praat.org}
}

@misc{R,
  title        = "R: a language and environment for statistical computing",
  author       = "{R Core Team}",
  organization = "R Foundation for Statistical Computing",
  address      = "Vienna",
  year         = "2016",
  url          = "http://www.R-project.org",
}

@inproceedings{matusov-et-al-2006,
    Author = {Evgeny Matusov and Arne Mauser and Hermann Ney},
    Year = {2006},
    Title = {Automatic sentence segmentation and punctuation prediction for spoken language translation},
    Booktitle = {Proceedings of the 3rd International Workshop on Spoken Language Translation (IWSLT)},
    Publisher = {International Speech Communication Association}
}

@book{brazil-1995,
    Author = {David Brazil},
    Year = {1995},
    Title = {A grammar of speech},
    Publisher = {Oxford: Oxford University Press}
}

@article{carter-mccarthy-xxxx,
    Author = {Ronald Carter and Michael McCarthy},
    Year = {in press},
    Title = {Spoken Grammar: where are we and where are we going?},
    Journal = {Applied Linguistics},
    doi = {10.1093/applin/amu080}
}

@book{fischer-2001,
  author    = "Steven Fischer",
  year      = "2001",
  title     = "A History of Writing",
  address   = "London",
  publisher = "Reaktion Books",
}

@article{sacks-et-al-1974,
  author    = "Harvey Sacks and Emanuel Schegloff and Gail Jefferson",
  year      = "1974",
  title     = "A simplest systematics for the organization of turn-taking for conversation",
  journal   = "Language",
  volume    = "50",
  issue     = "4",
  pages     = "696-735",
}

@article{foster-et-al-2000,
  author    = "Pauline Foster and Alan Tonkyn and Gillian Wigglesworth",
  year      = "2000",
  title     = "Measuring spoken language: a unit for all reasons",
  journal   = "Applied Linguistics",
  volume    = "21",
  issue     = "3",
  pages     = "354-375",
}

@manual{strassel-2003,
    Author = {Stephanie Strassel},
    Year = {2003},
    Title = {Simple metadata annotation specification, Version 5.0, Linguistic Data Consortium, \url{https://catalog.ldc.upenn.edu/docs/LDC2004T12/SimpleMDE_V5.0.pdf}},
}

@misc{walker-et-al-2005,
    Author = {Christopher Walker and Stephanie Strassel and Elizabeth Shriberg and Yang Liu and Jeremy Ang and Haejoong Lee},
    Year = {2005},
    Title = {RT-04 MDE Training Data Text/Annotations LDC2005T24, Linguistic Data Consortium, \url{http://catalog.ldc.upenn.edu/LDC2005T24}},
}

@article{shriberg-et-al-2000,
    Author = {Elizabeth Shriberg and Andreas Stolcke and Dilek Hakkani-T\"{u}r and G\"{o}khan T\"{u}r},
    Year = {2000},
    Title = {Prosody-based automatic segmentation of speech into sentences and topics},
    Journal = {Speech Communication},
    Volume = {32},
    Pages = {127-154}
}

@inproceedings{stolcke-shriberg-1996,
    Author = {Andreas Stolcke and Elizabeth Shriberg},
    Year = {1996},
    Title = {Automatic linguistic segmentation of conversational speech},
    Booktitle = {Proceedings of the 4th International Conference on Spoken Language Processing (ICSLP)},
    Publisher = {International Speech Communication Association}
}

@inproceedings{stolcke-et-al-1998,
    Author = {Andreas Stolcke and Elizabeth Shriberg and Rebecca Bates and Mari Ostendorf and Dilek Hakkani and Madelaine Plauche and Gokhan T\"{u}r and Yu Lu},
    Year = {1998},
    Title = {Automatic Detection of Sentence Boundaries and Disfluencies Based on Recognized Words},
    Booktitle = {Proceedings of the 4th International Conference on Spoken Language Processing (ICSLP)},
    Publisher = {International Speech Communication Association}
}

@inproceedings{roark-et-al-2006,
    Author = {Brian Roark and Yang Liu and Mary Harper and Robin Stewart and Matthew Lease and Matthew Snover and Izhak Shafran and Bonnie Dorr and John Hale and Anna Krasnyanskaya and Lisa Yung},
    Year = {2006},
    Title = {Reranking for sentence boundary detection in conversational speech},
    Booktitle = {Proceedings of the International Conference on Acoustics, Speech and Signal Processing (ICASSP)},
    Publisher = {Institute of Electrical and Electronics Engineers}
}

@inproceedings{favre-et-al-2008,
    Author = {Benoit Favre and Dilek Hakkani-T\"{u}r and Slav Petrov and Dan Klein},
    Year = {2008},
    Title = {Efficient sentence segmentation using syntactic features},
    Booktitle = {Proceedings of the IEEE Spoken Language Technology Workshop (SLT)},
    Publisher = {Institute of Electrical and Electronics Engineers}
}

@inproceedings{lee-glass-2012,
    Author = {Ann Lee and James Glass},
    Year = {2012},
    Title = {Sentence detection using multiple annotations},
    Booktitle = {Proceedings of INTERSPEECH 2012},
    Publisher = {International Speech Communication Association}
}

@inproceedings{xu-et-al-2014,
    Author = {Chenglin Xu and Lei Xie and Guangpu Huang and Xiong Xiao and Eng Siong Chng and Haizhou Li},
    Year = {2014},
    Title = {A deep neural network approach for sentence boundary detection in broadcast news},
    Booktitle = {Proceedings of INTERSPEECH 2014},
    Publisher = {International Speech Communication Association}
}

@inproceedings{liu-et-al-2005a,
    Author = {Yang Liu and Andreas Stolcke and Elizabeth Shriberg and Mary Harper},
    Year = {2005},
    Title = {Using conditional random fields for sentence boundary detection in speech},
    Booktitle = {Proceedings of the 43rd Annual Meeting of the ACL},
    Publisher = {Association for Computational Linguistics}
}

@article{liu-et-al-2005b,
    Author = {Yang Liu and Elizabeth Shriberg and Andreas Stolcke and Barbara Peskin and Jeremy Ang and Dustin Hillard and Mari Ostendorf and Marcus Tomalin and Phil Woodland and Mary Harper},
    Year = {2005},
    Title = {Structural metadata research in the EARS Program},
    Journal = {Proceedings of ICASSP 2005},
    Volume = {5},
    Pages = {957-960}
}

@inproceedings{tomalin-et-al-2007,
  author    = {Marcus Tomalin and
               Mark J. F. Gales and
               X. Andrew Liu and
               Khe Chai Sim and
               Rohit Sinha and
               Lan Wang and
               Philip C. Woodland and
               Kai Yu},
  title     = {Improving Speech Transcription for Mandarin-English Translation},
  booktitle = {Proceedings of the {IEEE} International Conference on Acoustics, Speech,
               and Signal Processing, (ICASSP)},
  year      = {2007},
}

@article{liu-et-al-2006,
    Author = {Yang Liu and Elizabeth Shriberg and Andreas Stolcke and Dustin Hillard and Mari Ostendorf and Mary Harper},
    Year = {2006},
    Title = {Enriching speech recognition with automatic detection of sentence boundaries and disfluencies},
    Journal = {IEEE Transactions on Audio Speech, and Language Processing},
    Volume = {14},
    Pages = {1526-1540}
}

@book{biber-et-al-1999,
    author = "Douglas Biber and Stig Johansson and Geoffrey Leech and Susan Conrad and Edward Finegan",
    year = "1999",
    title = "Longman Grammar of Spoken and Written English",
    address = "Harlow",
    publisher = "Longman",
}

@book{coulmas-1996,
    author = "Florian Coulmas",
    year = "1996",
    title = "The Blackwell Encyclopedia of Writing Systems",
    address = "Oxford",
    publisher = "Blackwell",
}

@incollection{deschamps-1980,
  author    = "Alain Deschamps",
  year      = "1980",
  title     = "The syntactical distribution of pauses in English spoken as a second language by French students",
  editor    = "Hans Dechert and Manfred Raupach",
  booktitle = "Temporal Variables in Speech: studies in honor of Freida Goldman-Eissler",
  address   = "The Hague",
  publisher = "Mouton",
}

@incollection{raupach-1980,
  author    = "Manfred Raupach",
  year      = "1980",
  title     = "Temporal variables in first and second language production",
  editor    = "Hans Dechert and Manfred Raupach",
  booktitle = "Temporal Variables in Speech: studies in honor of Freida Goldman-Eissler",
  address   = "The Hague",
  publisher = "Mouton",
}

@book{levelt-1989,
    author = "Willem Levelt",
    year = "1989",
    title = "Speaking: from intention to articulation",
    address = "Cambridge, MA",
    publisher = "MIT Press",
}

@article{henderson-et-al-1966,
    Author = {Alan Henderson and Frieda Goldman-Eisler and Andrew Skarbek},
    Year = {1966},
    Title = {Sequential temporal patterns in spontaneous speech},
    Journal = {Language and Speech},
    Volume = {9},
    Pages = {206-216}
}

@article{roberts-kirsner-2000,
    Author = {Benjamin Roberts and Kim Kirsner},
    Year = {2000},
    Title = {Temporal cycles in speech production},
    Journal = {Language and Cognitive Processes},
    Volume = {15},
    Issue = {2},
    Pages = {129-157}
}

@incollection{butterworth-1980,
  author    = "Brian Butterworth",
  year      = "1980",
  title     = "Evidence from pauses in speech",
  editor    = "Brian Butterworth",
  booktitle = "Language Production",
  address   = "London",
  publisher = "Academic Press",
}

@inproceedings{kolar-et-al-2006,
 author = {Kol\'{a}\v{r}, J\'{a}chym and Shriberg, Elizabeth and Liu, Yang},
 year = {2006},
 title = {Using prosody for automatic sentence segmentation of multi-party meetings},
 booktitle = {Proceedings of the 9th International Conference on Text, Speech and Dialogue (TSD'06)},
 address = {Berlin, Heidelberg},
 publisher = {Springer-Verlag},
} 


%% CROWDSOURCING

@inproceedings{madnani-et-al-2011,
    Author = {Nitin Madnani and Joel Tetreault and Martin Chodorow and Alla Rozovskaya},
    Year = {2011},
    Title = {They can help: using crowdsourcing to improve the evaluation of grammatical error detection systems},
    Booktitle = {Proceedings of the 49th Annual Meeting of the Association for Computational Linguistics},
    Publisher = {Association for Computational Linguistics}
}

@inproceedings{izumi-et-al-2005,
    Author = {Emi Izumi and Kiyotaka Uchimoto and Hitoshi Isahara},
    Year = {2005},
    Title = {Error Annotation for Corpus of Japanese Learner English},
    Booktitle = {Proceedings of the 2nd International Joint Conference on Natural Language Processing (IJCNLP)},
    Publisher = {Association for Computational Linguistics}
}

@article{lennon-1991,
    Author = {Paul Lennon},
    Year = {1991},
    Title = {Error: Some problems of definition, identification, and distinction},
    Journal = {Applied Linguistics},
    Volume = {12},
    Pages = {180-196}
}

@book{hymes-1972,
    Author = {Dell Hymes},
    Year = {1972},
    Title = {Towards Communicative Competence},
    Publisher = {Philadelphia: Pennsylvania University Press}
}

@incollection{enkvist-1973,
    Author = {Nils E. Enkvist},
    Year = {1973},
    Title = {Should we count errors or measure success?},
    Booktitle = {Errata: Papers in Error Analysis},
    Editor = {Jan Svartvik},
    Publisher = {Lund: CWK Gleerup}
}

@inproceedings{nicholls-2003,
    Author = {Diane Nicholls},
    Year = {2003},
    Title = {The Cambridge Learner Corpus: error coding and analysis for lexicography and ELT},
    Booktitle = {Proceedings of the Corpus Linguistics 2003 conference; UCREL technical paper number 16},
    Editor = {Dawn Archer and Paul Rayson and Andrew Wilson and Tony McEnery},
    Publisher = {Lancaster University}
}

@inproceedings{dahlmeier-et-al-2013,
    Author = {Daniel Dahlmeier and Hwee Tou Ng and Siew Mei Wu},
    Year = {2013},
    Title = {Building a large annotated corpus of learner English: the NUS Corpus of Learner English},
    Booktitle = {Proceedings of the Eighth Workshop on Innovative Use of NLP for Building Educational Applications},
    Publisher = {Association for Computational Linguistics}
}

@unpublished{caines-buttery-2013,
    Author = {Andrew Caines and Paula Buttery},
    Year = {2013},
    Title = {Revising the Cambridge Learner Corpus error coding system},
    Note = {Available online: \url{}}
}

@phdthesis{macdonald-2005,
    Author = {MacDonald Lightbound, Penny},
    Year = {2005},
    Title = {An analysis of interlanguage errors in synchronous/asynchronous intercultural communication exchanges},
    School = {Universitat de Val{\'e}ncia}
}

@article{anson-2000,
    Author = {Chris M. Anson},
    Year = {2000},
    Title = {Response and the social construction of error},
    Journal = {Assessing Writing},
    Volume = {7},
    Pages = {5-21}
}

@book{james-1998,
    Author = {Carl James},
    Year = {1998},
    Title = {Errors in language learning and use: exploring Error Analysis},
    Publisher = {London: Longman}
}

@article{chen-2013,
    Author = {Meilin Chen},
    Year = {2013},
    Title = {A corpus study of English phrasal verb use by Chinese, British and American university students},
    Journal = {International Journal of Corpus Linguistics},
    Volume = {18},
    Pages = {418-442}
}

@inproceedings{tetreault-chodorow-2008,
    Author = {Joel Tetreault and Martin Chodorow},
    Year = {2008},
    Title = {Native judgments of non-native usage: experiments in preposition error detection}, 
    Booktitle = {Proceedings of the workshop on Human Judgments in Computational Linguistics, COLING}
}

@article{witten-bell-1991,
    Author = {Ian Witten and Timothy Bell},
    Year = {1991},
    Title = {The zero-frequency problem: Estimating the probabilities of novel events in adaptive text compression},
    Journal = {IEEE Transactions on Information Theory},
    Volume = {37},
    Issue = {4},
    Pages = {1085-1094},
}

@InProceedings{roark-et-al-2012,
  author    = {Roark, Brian  and  Sproat, Richard  and  Allauzen, Cyril  and  Riley, Michael  and  Sorensen, Jeffrey  and  Tai, Terry},
  title     = {The OpenGrm open-source finite-state grammar software libraries},
  booktitle = {Proceedings of the ACL 2012 System Demonstrations},
  year      = {2012},
  publisher = {Association for Computational Linguistics},
}

@misc{godfrey-holliman-1993,
    Author = {John Godfrey and Edward Holliman},
    Year = {1993},
    Title = {Switchboard-1 Release 2 LDC97S62. Web Download},
    Publisher = {Philadelphia: Linguistic Data Consortium}
}

@InProceedings{papineni-et-al-2002,
  author    = {Kishore Papineni  and  Salim Roukos  and  Todd Ward  and  Wei-Jing Zhu},
  title     = {Bleu: a Method for Automatic Evaluation of Machine Translation},
  booktitle = {Proceedings of 40th Annual Meeting of the Association for Computational Linguistics},
  year      = {2002},
  publisher = {Association for Computational Linguistics},
}

@inproceedings{rasp,
    Author = {Ted Briscoe and John Carroll and Rebecca Watson},
    Year = {2006},
    Title = {The second release of the RASP System},
    Booktitle = {Proceedings of the COLING/ACL 2006 Interactive Presentations Session},
    Publisher = {Association for Computational Linguistics}
}

@inproceedings{cmu-cam,
    Author = {Philip Clarkson and Ronald Rosenfeld},
    Year = {1997},
    Title = {Statistical language modeling using the CMU-Cambridge toolkit},
    Booktitle = {Proceedings ESCA Eurospeech},
}

@inproceedings{moore-et-al-2016,
    Author = {Russell Moore and Andrew Caines and Calbert Graham and Paula Buttery},
    Year = {2016},
    Title = {Automated speech-unit delimitation in spoken learner {E}nglish},
    Booktitle = {Proceedings of COLING 2016, the 26th International Conference on Computational Linguistics: Technical Papers}
}

@inproceedings{fournier-2013,
  author    = {Chris Fournier},
  year      = {2013},
  title     = {Evaluating text segmentation using boundary edit distance},
  booktitle = {Proceedings of the 51st Annual Meeting of the Association for Computational Linguistics (Volume 1: Long Papers)},
  publisher = {Association for Computational Linguistics},
}

@article{artstein-poesio-2008,
    Author = {Ron Artstein and Massimo Poesio},
    Year = {2008},
    Title = {Inter-coder agreement for Computational Linguistics},
    Journal = {Computational Linguistics},
    Volume = {34},
    Issue = {4},
}

@phdthesis{caines-2010,
    Author = {Andrew Caines},
    Year = {2010},
    Title = {You talking to me? Zero auxiliary constructions in British English},
    School = {University of Cambridge}
}

@incollection{
    Author = {Andrew Caines and Michael McCarthy and Anne O'Keeffe},
    Year = {2016},
    Title = {Spoken language corpora and pedagogical applications},
    Editor = {Fiona Farr and Liam Murray},
    Booktitle = {The Routledge Handbook of Language Learning and Technology},
    Publisher = {London: Routledge}
}

@InProceedings{baur-et-al-2016,
  author = {Claudia Baur and Johanna Gerlach and Manny Rayner and Martin Russell and Helmer Strik},
  year = {2016},
  title = {A Shared Task for Spoken CALL?},
  booktitle = {Proceedings of the Tenth International Conference on Language Resources and Evaluation (LREC 2016)}
}

@InProceedings{rayner-et-al-2010,
  author = {Manny Rayner and Pierrette Bouillon and Nikos Tsourakis and Johanna Gerlach and Maria Georgescul and Yukie Nakao and Claudia Baur},
  year = {2010},
  title = {A Multilingual CALL Game Based on Speech Translation},
  booktitle = {Proceedings of the Seventh International Conference on Language Resources and Evaluation (LREC 2010)}
}

@misc{bnc,
  author = {BNC Consortium},
  title = {{The British National Corpus, version 2 (BNC World)}},
  year = {2001},
  publisher = {Distributed by Oxford University Computing Services on behalf of the BNC Consortium. URL: http://www.natcorp.ox.ac.uk}
}

@inproceedings{kenlm,
  author = {Kenneth Heafield},
  year = {2011},
  title = {{KenLM:} Faster and Smaller Language Model Queries},
  booktitle = {Proceedings of the {EMNLP} 2011 Sixth Workshop on Statistical Machine Translation}
}

@InProceedings{bleu,
  author    = {Kishore Papineni  and  Salim Roukos  and  Todd Ward  and  Wei-Jing Zhu},
  year      = {2002},
  title     = {Bleu: a Method for Automatic Evaluation of Machine Translation},
  booktitle = {Proceedings of 40th Annual Meeting of the Association for Computational Linguistics}
}

@InProceedings{meteor,
  author    = {Michael Denkowski and Alon Lavie},
  year      = {2014},
  title     = {Meteor Universal: Language Specific Translation Evaluation for Any Target Language},
  booktitle = {Proceedings of the EACL 2014 Workshop on Statistical Machine Translation}
}

@misc{wordnet,
  author = {George Miller and Christiane Fellbaum},
  year = {2007},
  title = {WordNet. http://wordnet.princeton.edu}
}

@misc{R,
  author = {R Core Team},
  year = {2017},
  title = {R: a language and environment for statistical computing},
  publisher = {Vienna: R Foundation for Statistical Computing. URL: http://www.R-project.org}
}

@InProceedings{crowded,
  author = {Andrew Caines and Christian Bentz and Calbert Graham and Tim Polzehl and Paula Buttery},
  year = {2016},
  title = {Crowdsourcing a multilingual speech corpus: recording, transcription and annotation of the \textsc{CrowdED Corpus}},
  booktitle = {Proceedings of the Tenth International Conference on Language Resources and Evaluation (LREC 2016)},
}

@article{katushemererwe-et-al-xxxx,
  author = {Fridah Katushemererwe and Andrew Caines and Paula Buttery},
  year = {in press},
  title = {Building natural language processing tools for Runyakitara},
  journal = {Applied Linguistics Review}
}

@article{kormos-denes-2004,
  author = {Judit Kormos and  Mariann D\'{e}nes},
  year = {2004},
  title = {Exploring measures and perceptions of fluency in the speech of second language learners},
  journal = {System},
  volume = {32},
  issue = {2},
  pages = {145-164}
}

@InProceedings{graham-et-al-2016,
  author    = {Calbert Graham and Paula Buttery and Francis Nolan},
  year      = {2016},
  title     = {Vowel characteristics in the assessment of L2 English pronunciation},
  booktitle = {Proceedings of INTERSPEECH}
}

@article{zupanc-bosnic-2017,
  author = {Kaja Zupanc and Zoran Bosni\'{c}},
  year = {2017},
  title = {Automated essay evaluation with semantic analysis},
  journal = {Knowledge-Based Systems},
  volume = {120},
  pages = {118-132}
}

@article{bhat-yoon-2015,
  author = {Suma Bhat and Su-You Yoon},
  year = {2015},
  title = {Automatic assessment of syntactic complexity for spontaneous speech scoring},
  journal = {Speech Communication},
  volume = {67},
  pages = {42-57}
}

@inproceedings{evanini-et-al-2013,
  author    = {Keelan Evanini and Shasha Xie and Klaus Zechner},
  year      = {2013},
  title     = {Prompt-based content scoring for automated spoken language assessment},
  booktitle = {Proceedings of the Eighth Workshop on Innovative Use of NLP for Building Educational Applications}
}

@inproceedings{pilan-et-al-2016,
  author    = {Ildik\'{o} Pil\'{a}n and Elena Volodina and Torsten Zesch},
  year      = {2016},
  title     = {Predicting proficiency levels in learner writings by transferring a linguistic complexity model from expert-written coursebooks},
  booktitle = {Proceedings of COLING 2016, the 26th International Conference on Computational Linguistics}
}

@inproceedings{vandalen-et-al-2015-slate,
  author    = {Rogier C. van Dalen and Kate M. Knill and Mark J. F. Gales},
  year      = {2015},
  title     = {Automatically Grading Learners' English Using a Gaussian Process},
  booktitle = {Proceedings of the Sixth ISCA Workshop on Speech and Language Technology in Education (SLaTE)}
}

@book{biber-et-al-1999,
  author = {Douglas Biber and Stig Johansson and Geoffrey Leech and Susan Conrad and Edward Finegan},
  year = {1999},
  title = {Longman Grammar of Spoken and Written English},
  publisher={London: Longman}
}

@article{leech-2000,
    Author = {Geoffrey Leech},
    Year = {2000},
    Title = {Grammars of spoken English: new outcomes of corpus-oriented research}
    Journal = {Language Learning},
    Volume = {50},
    Issue = {4},
    Pages = {675-724}
}

@book{levelt-1989,
  author = {William Levelt},
  year = {1989},
  title = {Speaking: from intention to articulation},
  publisher = {Cambridge, MA: MIT Press}
}

@misc{ptb3,
    Author = {Mitchell Marcus and Beatrice Santorini and Mary Ann Marcinkiewicz and Ann Taylor},
    Year = {1999},
    Title = {Treebank-3 LDC99T42},
    Publisher =	{Philadelphia: Linguistic Data Consortium}
}

@misc{ewt,
    Author = {Ann Bies and Justin Mott and Colin Warner and Seth Kulick},
    Year = {2012},
    Title = {English Web Treebank LDC2012T13},
    Publisher =	{Philadelphia: Linguistic Data Consortium}
}

@inproceedings{silveira-et-al-2014,
  author = {Natalia Silveira and Timothy Dozat and Marie-Catherine de Marneffe and Samuel Bowman and Miriam Connor and John Bauer and Christopher D. Manning},
  year = {2014},
  title = {A Gold Standard Dependency Corpus for {E}nglish},
  booktitle = {Proceedings of the Ninth International Conference on Language Resources and Evaluation (LREC-2014)}
}

@inproceedings{ahrenberg-2015,
  author = {Lars Ahrenberg},
  year = {2015},
  title = {Converting an {E}nglish-{S}wedish parallel treebank to {U}niversal {D}ependencies},
  booktitle = {Proceedings of the Third International Conference on Dependency Linguistics (DepLing 2015)}
}

@inproceedings{yannakoudakis-et-al-2011,
  author={Helen Yannakoudakis and Ted Briscoe and Ben Medlock},
  year={2011},
  title={A new dataset and method for automatically grading {ESOL} texts},
  booktitle={Proceedings of the 49th Annual Meeting of the Association for Computational Linguistics: Human Language Technologies-Volume 1}
}

@inproceedings{berzak-et-al-2016,
  author    = {Yevgeni Berzak and Jessica Kenney and Carolyn Spadine and Jing Xian Wang and Lucia Lam and Keiko Sophie Mori and Sebastian Garza and Boris Katz},
  year      = {2016},
  title     = {Universal {D}ependencies for {L}earner {E}nglish},
  booktitle = {Proceedings of the 54th Annual Meeting of the Association for Computational Linguistics (Volume 1: Long Papers)},
}

@misc{ud2,
  author = {Nivre, Joakim and Agi{\'c}, {\v Z}eljko and Ahrenberg, Lars and Aranzabe, Maria Jesus and Asahara, Masayuki and Atutxa, Aitziber and Ballesteros, Miguel and Bauer, John and Bengoetxea, Kepa and Bhat, Riyaz Ahmad and Bick, Eckhard and Bosco, Cristina and Bouma, Gosse and Bowman, Sam and Candito, Marie and Cebiroğlu Eryiğit, G{\"u}l{\c s}en and Celano, Giuseppe G. A. and Chalub, Fabricio and Choi, Jinho and {\c C}{\"o}ltekin, {\c C}ağrı and Connor, Miriam and Davidson, Elizabeth and de Marneffe, Marie-Catherine and de Paiva, Valeria and Diaz de Ilarraza, Arantza and Dobrovoljc, Kaja and Dozat, Timothy and Droganova, Kira and Dwivedi, Puneet and Eli, Marhaba and Erjavec, Toma{\v z} and Farkas, Rich{\'a}rd and Foster, Jennifer and Freitas, Cl{\'a}udia and Gajdo{\v s}ov{\'a}, Katar{\'i}na and Galbraith, Daniel and Garcia, Marcos and Ginter, Filip and Goenaga, Iakes and Gojenola, Koldo and G{\"o}kırmak, Memduh and Goldberg, Yoav and G{\'o}mez Guinovart, Xavier and Gonz{\'a}les Saavedra, Berta and Grioni, Matias and Gr{\=u}z{\=i}tis, Normunds and Guillaume, Bruno and Habash, Nizar and Haji{\v c}, Jan and H{\`a} Mỹ, Linh and Haug, Dag and Hladk{\'a}, Barbora and Hohle, Petter and Ion, Radu and Irimia, Elena and Johannsen, Anders and J{\o}rgensen, Fredrik and Ka{\c s}ıkara, H{\"u}ner and Kanayama, Hiroshi and Kanerva, Jenna and Kotsyba, Natalia and Krek, Simon and Laippala, Veronika and L{\^e} Hồng, Phương and Lenci, Alessandro and Ljube{\v s}i{\'c}, Nikola and Lyashevskaya, Olga and Lynn, Teresa and Makazhanov, Aibek and Manning, Christopher and M{\u a}r{\u a}nduc, C{\u a}t{\u a}lina and Mare{\v c}ek, David and Mart{\'i}nez Alonso, H{\'e}ctor and Martins, Andr{\'e} and Ma{\v s}ek, Jan and Matsumoto, Yuji and {McDonald}, Ryan and Missil{\"a}, Anna and Mititelu, Verginica and Miyao, Yusuke and Montemagni, Simonetta and More, Amir and Mori, Shunsuke and Moskalevskyi, Bohdan and Muischnek, Kadri and Mustafina, Nina and M{\"u}{\"u}risep, Kaili and Nguyễn Thị, Lương and Nguyễn Thị Minh, Huyền and Nikolaev, Vitaly and Nurmi, Hanna and Ojala, Stina and Osenova, Petya and {\O}vrelid, Lilja and Pascual, Elena and Passarotti, Marco and Perez, Cenel-Augusto and Perrier, Guy and Petrov, Slav and Piitulainen, Jussi and Plank, Barbara and Popel, Martin and Pretkalniņa, Lauma and Prokopidis, Prokopis and Puolakainen, Tiina and Pyysalo, Sampo and Rademaker, Alexandre and Ramasamy, Loganathan and Real, Livy and Rituma, Laura and Rosa, Rudolf and Saleh, Shadi and Sanguinetti, Manuela and Saul{\=i}te, Baiba and Schuster, Sebastian and Seddah, Djam{\'e} and Seeker, Wolfgang and Seraji, Mojgan and Shakurova, Lena and Shen, Mo and Sichinava, Dmitry and Silveira, Natalia and Simi, Maria and Simionescu, Radu and Simk{\'o}, Katalin and {\v S}imkov{\'a}, M{\'a}ria and Simov, Kiril and Smith, Aaron and Suhr, Alane and Sulubacak, Umut and Sz{\'a}nt{\'o}, Zsolt and Taji, Dima and Tanaka, Takaaki and Tsarfaty, Reut and Tyers, Francis and Uematsu, Sumire and Uria, Larraitz and van Noord, Gertjan and Varga, Viktor and Vincze, Veronika and Washington, Jonathan North and {\v Z}abokrtsk{\'y}, Zden{\v e}k and Zeldes, Amir and Zeman, Daniel and Zhu, Hanzhi},
  year = {2017},
  title = {Universal {D}ependencies 2.0},
  url = {http://hdl.handle.net/11234/1-1983},
  note = {{LINDAT}/{CLARIN} digital library at the Institute of Formal and Applied Linguistics, Charles University},
}

@article{sakaguchi-et-al-2016,
  author = {Sakaguchi, Keisuke and Napoles, Courtney and Post, Matt and Tetreault, Joel},
  year = {2016},
  title = {Reassessing the goals of grammatical error correction: fluency instead of grammaticality},
  journal = {Transactions of the Association for Computational Linguistics},
  volume = {4},
  pages = {169-182}
}

@article{saito-et-al-2016,
  author = {Kazuya Saito and Pavel Trofimovich and Talia Isaacs},
  year = {2016},
  title = {Second language speech production: investigating linguistic correlates of comprehensibility and accentedness for learners at different ability levels},
  journal = {Applied Psycholinguistics},
  volume = {37},
  pages = {217-240}
}

@inproceedings{evanini-et-al-2013,
    Author = {Keelan Evanini and Shasha Xie and Klaus Zechner},
    Year = {2013},
    Title = {Prompt-based content scoring for automated spoken language assessment},
    Booktitle = {Proceedings of the Eighth Workshop on Innovative Use of NLP for Building Educational Applications},
}

@inproceedings{wagner-et-al-2007,
  author    = {Joachim Wagner and Jennifer Foster and Josef van Genabith},
  year      = {2007},
  title     = {A comparative evaluation of deep and shallow approaches to the automatic detection of common grammatical errors},
  booktitle = {Proceedings of the 2007 Joint Conference on Empirical Methods in Natural Language Processing and Computational Natural Language Learning}
}

@inproceedings{dong-zhang-2016,
  author    = {Fei Dong and Yue Zhang},
  year      = {2016},
  title     = {Automatic features for essay scoring \textendash~an empirical study},
  booktitle = {Proceedings of the 2016 Conference on Empirical Methods in Natural Language Processing}
}

@inproceedings{bestgen-2016,
  author    = {Yves Bestgen},
  year      = {2016},
  title     = {Using collocational features to improve automated scoring of EFL texts},
  booktitle = {Proceedings of the 12th Workshop on Multiword Expressions}
}

@article{zhang-et-al-2016,
  author = {Mo Zhang and Jing Chen and Chunyi Ruan},
  year = {2016},
  title = {Evaluating the advisory flags and machine scoring difficulty in the e-rater automated scoring engine},
  journal = {ETS Research Report Series},
  volume = {RR--16-30}
}

@inproceedings{klein-manning-2003,
  author = {Dan Klein and Christopher D. Manning},
  year = {2003},
  title = {Accurate unlexicalized parsing},
  booktitle = {Proceedings of the 41st Meeting of the Association for Computational Linguistics}
}

@article{malt,
  author = {Joakim Nivre and Johan Hall and Jens Nilsson and Atanas Chanev and Gulsen Eryigit and Sandra K\"{u}bler and Svetoslav Marinov and Erwin Marsi},
  year = {2007},
  title = {Malt{P}arser: a language-independent system for data-driven dependency parsing},
  journal = {Natural Language Engineering},
  volume = {13},
  issue = {2},
  pages = {95-135}
}

@inproceedings{mcdonald-et-al-2006,
  author = {Ryan McDonald and Kevin Lerman and Fernando Pereira},
  year = {2006},
  title = {Multilingual dependency analysis with a two-stage discriminative parser},
  booktitle = {Proceedings of the 10th Conference on Computational Natural Language Learning (CoNLL-X)}
}

@inproceedings{mirroshandel-nasr-2011,
  author = {Seyed Mirroshandel and Alexis Nasr},
  year = {2011},
  title = {Active learning for dependency parsing using partially annotated sentences},
  booktitle = {Proceedings of the 12th International Conference on Parsing Technologies}
}

@inproceedings{rei-briscoe-2013,
  author = {Marek Rei and Ted Briscoe},
  year = {2013},
  title = {Parser lexicalisation through self-learning},
  booktitle = {Proceedings of NAACL-HLT 2013},
}

@book{goldberg-et-al-2014,
  editor = {Yoav Goldberg and Yuval Marton and Ines Rehbein and Yannick Versley and \"{O}zlem \c{C}etino\u{g}lu and Joel Tetreault},
  year = {2014},
  title = {Proceedings of the First Joint Workshop on Statistical Parsing of Morphologically Rich Languages and Syntactic Analysis of Non-Canonical Languages},
  publisher = {Association for Computational Linguistics}
}

@inproceedings{ragheb-dickinson-2014,
  author = {Marwa Ragheb and Markus Dickinson},
  year = {2014},
  title = {The effect of annotation scheme decisions on parsing learner data},
  booktitle = {Proceedings of the 13th International Workshop on Treebanks and Linguistic Theories},
}

@inproceedings{nasr-et-al-2014,
  author = {Alexis Nasr and Frederic Bechet and Benoit Favre and Thierry Bazillon and Jose Deulofeu and Andre Valli},
  year = {2014},
  title = {Automatically enriching spoken corpora with syntactic information for linguistic studies},
  booktitle = {Proceedings of the Ninth International Conference on Language Resources and Evaluation (LREC)}
}

@inproceedings{turbo,
  author = {Andr\'{e} Martins and Miguel Almeida and Noah Smith},
  year = {2013},
  title = {Turning on the turbo: Fast third-order non-projective turbo parsers},
  booktitle = {Proceedings of the 51st Annual Meeting of the Association for Computational Linguistics}
}

@inproceedings{foster-et-al-2008,
  author = {Jennifer Foster and Joachim Wagner and Josef van Genabith},
  year = {2008},
  title = {Adapting a {WSJ}-trained parser to grammatically noisy text},
  booktitle = {Proceedings of ACL-08: HLT, Short Papers}
}

@inproceedings{cahill-et-al-2014,
  author = {Aoife Cahill and Binod Gyawali and James Bruno},
  year = {2014},
  title = {Self-training for parsing learner text},
  booktitle = {Proceedings of the First Joint Workshop on Statistical Parsing of Morphologically Rich Languages and Syntactic Analysis of Non-Canonical Languages},
}

@inproceedings{smith-dickinson-2014,
  author = {Amber Smith and Markus Dickinson},
  year = {2014},
  title = {Evaluating parse error detection across varied conditions},
  booktitle = {Proceedings of the 13th International Workshop on Treebanks and Linguistic Theories},
}

@InProceedings{muszynska-2016,
  author    = {Muszy\'{n}ska, Ewa},
  year      = {2016},
  title     = {Graph- and surface-level sentence chunking},
  booktitle = {Proceedings of the ACL 2016 Student Research Workshop},
}

@inproceedings{tjong-et-al-2001,
  author = {Erik Tjong and Kim Sang and Herv{'e} D\'{e}jean},
  year = {2001},
  title = {Introduction to the CoNLL-2001 shared task: Clause identification},
  booktitle = {Proceedings of the 2001 Workshop on Computational Natural Language Learning (CoNLL)}
}

@InProceedings{ng-et-al-2014,
  author    = {Ng, Hwee Tou  and  Wu, Siew Mei  and  Briscoe, Ted  and  Hadiwinoto, Christian  and  Susanto, Raymond Hendy  and  Bryant, Christopher},
  year      = {2014},
  title     = {The CoNLL-2014 Shared Task on Grammatical Error Correction},
  booktitle = {Proceedings of the Eighteenth Conference on Computational Natural Language Learning: Shared Task},
}

@inproceedings{cahn-brennan-1999,
  author = {Janet Cahn and Susan Brennan},
  year = {1999},
  title = {A psychological model of grounding and repair in dialog},
  booktitle = {Proceedings, AAAI Fall Symposium on Psychological Models of Communication in Collaborative Systems}
}

@article{branigan-et-al-2007,
  author = "Holly P. Branigan and Martin J. Pickering and Janet F. McLean and Alexandra A. Cleland",
  year = "2007",
  title = "Syntactic alignment and participant role in dialogue ",
  journal = "Cognition ",
  volume = "104",
  issue = "2",
  pages = "163-197",
}

@article{clark-schaefer-1987,
  author = {Herbert Clark and Edward Schaefer},
  year = {1987},
  title = {Collaborating on contributions to conversations},
  journal = {Language and Cognitive Processes},
  volume = {2},
  pages = {19-41}
}

@article{pickering-garrod-2004,
  author = {Martin Pickering and Simon Garrod},
  year = {2004},
  title = {Toward a mechanistic psychology of dialogue},
  journal = {Behavioral and Brain Sciences},
  volume = {27},
  issue = {2},
  pages = {169-190}
}

@article{peer-et-al-2017,
  author = {Eyal Peer and Laura Brandimarte and Sonam Samat and Alessandro Acquisti},
  year = {2017},
  title = {Beyond the Turk: Alternative platforms for crowdsourcing behavioral research},
  journal = {Journal of Experimental Social Psychology},
  volume = {70},
  pages = {153-163}
}

@Manual{shiny,
    author = {Winston Chang and Joe Cheng and JJ Allaire and Yihui Xie and Jonathan McPherson},
    year = {2016},
    title = {shiny: Web Application Framework for {R}},
    note = {R package version 0.14.2},
}

@Manual{rsconnect,
    author = {JJ Allaire},
    year = {2016},
    title = {rsconnect: Deployment Interface for {R} {M}arkdown Documents and {S}hiny Applications},
    note = {R package version 0.5},
}

@InProceedings{junczysdowmunt-grundkiewicz-2016,
  author    = {Junczys-Dowmunt, Marcin  and  Grundkiewicz, Roman},
  year      = {2016},
  title     = {Phrase-based Machine Translation is State-of-the-Art for Automatic Grammatical Error Correction},
  booktitle = {Proceedings of the 2016 Conference on Empirical Methods in Natural Language Processing},
}

@InProceedings{yuan-briscoe-2016,
  author    = {Yuan, Zheng  and  Briscoe, Ted},
  year      = {2016},
  title     = {Grammatical error correction using neural machine translation},
  booktitle = {Proceedings of the 2016 Conference of the North American Chapter of the Association for Computational Linguistics: Human Language Technologies},
}

@InProceedings{yuan-et-al-2016,
  author    = {Yuan, Zheng  and  Briscoe, Ted  and  Felice, Mariano},
  year      = {2016},
  title     = {Candidate re-ranking for {SMT}-based grammatical error correction},
  booktitle = {Proceedings of the 11th Workshop on Innovative Use of NLP for Building Educational Applications},
}

@InProceedings{defelice-pulman-2008,
  author    = {De Felice, Rachele  and  Pulman, Stephen G.},
  year      = {2008},
  title     = {A Classifier-Based Approach to Preposition and Determiner Error Correction in {L2 E}nglish},
  booktitle = {Proceedings of the 22nd International Conference on Computational Linguistics (Coling 2008)},
}

@InProceedings{dahlmeier-ng-2012,
  author    = {Dahlmeier, Daniel  and  Ng, Hwee Tou},
  year      = {2012},
  title     = {A Beam-Search Decoder for Grammatical Error Correction},
  booktitle = {Proceedings of the 2012 Joint Conference on Empirical Methods in Natural Language Processing and Computational Natural Language Learning},
}

@InProceedings{rozovskaya-et-al-2014,
  author    = {Rozovskaya, Alla  and  Chang, Kai-Wei  and  Sammons, Mark  and  Roth, Dan  and  Habash, Nizar},
  year      = {2014},
  title     = {The {I}llinois-{C}olumbia System in the {CoNLL}-2014 Shared Task},
  booktitle = {Proceedings of the Eighteenth Conference on Computational Natural Language Learning: Shared Task},
}

@InProceedings{snover-et-al-2006,
  author    = {Matthew Snover and Bonnie Dorr and Richard Schwartz and Linnea Micciulla and John Makhoul},
  year      = {2006},
  title     = {A Study of {T}ranslation {E}dit {R}ate with Targeted Human Annotation},
  booktitle = {Proceedings of Association for Machine Translation in the Americas}
}

@article{gershkoffstowe-thelen-2004,
  author = {Lisa Gershkoff-Stowe and Esther Thelen},
  year = {2004},
  title = {U-Shaped Changes in Behavior: A Dynamic Systems Perspective},
  journal = {Journal of Cognition and Development},
  volume = {5},
  number = {1},
  pages = {11-36},
}

@InProceedings{susanto-et-al-2014,
  author    = {Susanto, Raymond Hendy  and  Phandi, Peter  and  Ng, Hwee Tou},
  year      = {2014},
  title     = {System Combination for Grammatical Error Correction},
  booktitle = {Proceedings of the 2014 Conference on Empirical Methods in Natural Language Processing (EMNLP)},
}

@InProceedings{tetreault-et-al-2010a,
  author    = {Tetreault, Joel  and  Filatova, Elena  and  Chodorow, Martin},
  year      = {2010},
  title     = {Rethinking Grammatical Error Annotation and Evaluation with the {A}mazon {M}echanical {T}urk},
  booktitle = {Proceedings of the NAACL HLT 2010 Fifth Workshop on Innovative Use of NLP for Building Educational Applications},
}

@InProceedings{snow-et-al-2008,
  author    = {Snow, Rion  and  O'Connor, Brendan  and  Jurafsky, Daniel  and  Ng, Andrew},
  year      = {2008},
  title     = {Cheap and Fast -- But is it Good? Evaluating Non-Expert Annotations for Natural Language Tasks},
  booktitle = {Proceedings of the 2008 Conference on Empirical Methods in Natural Language Processing},
}

@InProceedings{novotney-callisonburch-2010,
  author    = {Novotney, Scott  and  Callison-Burch, Chris},
  year      = {2010},
  title     = {Cheap, Fast and Good Enough: Automatic Speech Recognition with Non-Expert Transcription},
  booktitle = {Human Language Technologies: The 2010 Annual Conference of the North American Chapter of the Association for Computational Linguistics},
}

@InProceedings{park-levy-2011,
  author    = {Park, Y. Albert  and  Levy, Roger},
  year      = {2011},
  title     = {Automated Whole Sentence Grammar Correction Using a Noisy Channel Model},
  booktitle = {Proceedings of the 49th Annual Meeting of the Association for Computational Linguistics: Human Language Technologies},
}

@InProceedings{brockett-et-al-2006,
  author    = {Brockett, Chris  and  Dolan, William B.  and  Gamon, Michael},
  year      = {2006},
  title     = {Correcting {ESL} Errors Using Phrasal {SMT} Techniques},
  booktitle = {Proceedings of the 21st International Conference on Computational Linguistics and 44th Annual Meeting of the Association for Computational Linguistics},
}

@article{inoue-2016,
  author = {Chihiro Inoue},
  year = {2016},
  title = {A comparative study of the variables used to measure syntactic complexity and accuracy in task-based research},
  journal = {The Language Learning Journal},
  volume = {44},
  issue = {4},
  pages = {487-505},
}

@article{paquot-xxxx,
  author = {Magali Paquot},
  year = {in press},
  title = {The phraseological dimension in interlanguage complexity research},
  journal = {Second Language Research},
  pages = {1-25},
}

@article{zechner-et-al-xxxx,
  author = {Klaus Zechner and Su-Youn Yoon and Suma Bhat and Chee Wee Leong},
  year = {in press},
  title = {Comparative evaluation of automated scoring of syntactic competence},
  journal = {Computers in Human Behavior},
  pages = {1-11},
}

@article{reddy-et-al-2016,
  author = {Reddy, Siva  and T\"{a}ckstr\"{o}m, Oscar  and Collins, Michael  and Kwiatkowski, Tom  and Das, Dipanjan  and Steedman, Mark  and Lapata, Mirella },
  year = {2016},
  title = {Transforming Dependency Structures to Logical Forms for Semantic Parsing},
  journal = {Transactions of the Association for Computational Linguistics},
  volume = {4},
  pages = {127-140}
}

@article{brown-et-al-1992,
  author = {Peter Brown and Vincent Della Pietra and Robert Mercer and Stephen Della Pietra and Jennifer Lai},
  year = {1992},
  title = {An estimate on the upper bound for the entropy of {E}nglish},
  journal = {Computational Linguistics},
  volume = {18},
  issue = {1},
  pages = {31-40}
}

@inproceedings{rozovskaya-roth-2016,
    Author = {Alla Rozovskaya and Dan Roth},
    year      = {2016},
    title     = {Grammatical Error Correction: Machine Translation and Classifiers},
    booktitle = {Proceedings of the 54th Annual Meeting of the Association for Computational Linguistics (Volume 1: Long Papers)},
}

@InProceedings{tetreault-et-al-2010b,
  author    = {Tetreault, Joel  and  Foster, Jennifer  and  Chodorow, Martin},
  year      = {2010},
  title     = {Using Parse Features for Preposition Selection and Error Detection},
  booktitle = {Proceedings of the ACL 2010 Conference Short Papers},
}

@InProceedings{bryant-ng-2015,
  author    = {Bryant, Christopher  and  Ng, Hwee Tou},
  year      = {2015},
  title     = {How Far are We from Fully Automatic High Quality Grammatical Error Correction?},
  booktitle = {Proceedings of the 53rd Annual Meeting of the Association for Computational Linguistics and the 7th International Joint Conference on Natural Language Processing (Volume 1: Long Papers)},
}

@InProceedings{roark-sproat-2014,
  author    = {Roark, Brian  and  Sproat, Richard},
  year      = {2014},
  title     = {Hippocratic Abbreviation Expansion},
  booktitle = {Proceedings of the 52nd Annual Meeting of the Association for Computational Linguistics (Volume 2: Short Papers)},
}

@book{kachru-1992,
  author = {Braj Kachru},
  year = {1992},
  title = {The Other Tongue: English across cultures},
  publisher = {Chicago: University of Illinois Press},
}

@InProceedings{rangarajansridhar-2015,
  author    = {Rangarajan Sridhar, Vivek Kumar},
  year      = {2015},
  title     = {Unsupervised Text Normalization Using Distributed Representations of Words and Phrases},
  booktitle = {Proceedings of the 1st Workshop on Vector Space Modeling for Natural Language Processing},
}

@InProceedings{han-et-al-2012,
  author    = {Han, Bo  and  Cook, Paul  and  Baldwin, Timothy},
  year      = {2012},
  title     = {Automatically Constructing a Normalisation Dictionary for Microblogs},
  booktitle = {Proceedings of the 2012 Joint Conference on Empirical Methods in Natural Language Processing and Computational Natural Language Learning},
}

@InProceedings{yoshikawa-et-al-2016,
  author    = {Yoshikawa, Masashi  and  Shindo, Hiroyuki  and  Matsumoto, Yuji},
  year      = {2016},
  title     = {Joint Transition-based Dependency Parsing and Disfluency Detection for Automatic Speech Recognition Texts},
  booktitle = {Proceedings of the 2016 Conference on Empirical Methods in Natural Language Processing},
}

@InProceedings{kahn-et-al-2005,
  author    = {Kahn, Jeremy G.  and  Lease, Matthew  and  Charniak, Eugene  and  Johnson, Mark  and  Ostendorf, Mari},
  year      = {2005},
  title     = {Effective Use of Prosody in Parsing Conversational Speech},
  booktitle = {Proceedings of Human Language Technology Conference and Conference on Empirical Methods in Natural Language Processing},
}

@article{kahn-osterdorf-2012,
  author = "Jeremy G. Kahn and Mari Ostendorf",
  year = "2012",
  title = "Joint reranking of parsing and word recognition with automatic segmentation",
  journal = "Computer Speech and Language",
  volume = "26",
  number = "1",
  pages = "1-19",
}

@inproceedings{kaldi,
  author = {Povey, Daniel and Ghoshal, Arnab and Boulianne, Gilles and Burget, Lukas and Glembek, Ondrej and Goel, Nagendra and Hannemann, Mirko and Motlicek, Petr and Qian, Yanmin and Schwarz, Petr and Silovsky, Jan and Stemmer, Georg and Vesely, Karel},
  year = {2011},
  title = {The {K}aldi {S}peech {R}ecognition {T}oolkit},
  booktitle = {IEEE 2011 Workshop on Automatic Speech Recognition and Understanding},
}

@inproceedings{stanford-tagger,
  author = {Kristina Toutanova and Dan Klein and Christopher Manning and Yoram Singer},
  year = {2003},
  title = {Feature-Rich Part-of-Speech Tagging with a Cyclic Dependency Network},
  booktitle = {Proceedings of HLT-NAACL 2003}
}

@inproceedings{toutanova-et-al-2003,
  author = {Kristina Toutanova and Dan Klein and Christopher Manning and Yoram Singer},
  year = {2003},
  title = {Feature-Rich Part-of-Speech Tagging with a Cyclic Dependency Network},
  booktitle = {Proceedings of HLT-NAACL 2003}
}

@article{schneider-et-al-2014,
  author = {Nathan Schneider and Emily Danchik and Chris Dyer and Noah A. Smith},
  year = {2014},
  title = {Discriminative Lexical Semantic Segmentation with Gaps: Running the {MWE} Gamut},
  journal = {Transactions of the Association of Computational Linguistics},
  volume = {2},
  issue = {1}
}

@article{egp,
  author = {Anne O'Keeffe and Geraldine Mark},
  year = {in press},
  title = {{The English Grammar Profile: describing a criteria-based empirical methodology for calibrating learner grammar competencies using the Cambridge Learner Corpus}},
  journal = {International Journal of Corpus Linguistics},
}

@article{babelnet,
  author = {Roberto Navigli and Simone Paolo Ponzetto},
  title =   {{B}abel{N}et: {T}he Automatic Construction, Evaluation and Application of a Wide-Coverage Multilingual Semantic Network},
  journal = {Artificial Intelligence},
  year =    {2012},
  volume = {193},
  pages = {217-250}
}

@InProceedings{basile-et-al-2014,
  author = {Pierpaolo Basile and Annalina Caputo and Giovanni Semeraro},
  year = {2014},
  title = {An Enhanced {Lesk} Word Sense Disambiguation Algorithm through a Distributional Semantic Model},
  booktitle = {Proceedings of COLING 2014, the 25th International Conference on Computational Linguistics: Technical Papers}
}

@incollection{sieminski-2011,
  author = {Siemi{\'{n}}ski, Andrzej},
  year = {2011},
  title = {WordNet Based Word Sense Disambiguation},
  editor = {J{\k{e}}drzejowicz, Piotr and Nguyen, Ngoc Thanh and Hoang, Kiem},
  bookTitle = {Computational Collective Intelligence. Technologies and Applications: Third International Conference, ICCCI 2011, Proceedings, Part II},
  publisher = {Berlin: Springer}
}

@inproceedings{caines-et-al-2017_bea,
  author = {Andrew Caines and Emma Flint and Paula Buttery},
  year = {2017},
  title = {Collecting fluency corrections for spoken learner {E}nglish},
  booktitle = {Proceedings of the 12th Workshop on Innovative Use of NLP for Building Educational Applications}
}

@inproceedings{caines-et-al-2017_scnlp,
  author = {Andrew Caines and Michael McCarthy and Paula Buttery},
  year = {2017},
  title = {Parsing transcripts of speech},
  booktitle = {Proceedings of the First Workshop on Speech-Centric Natural Language Processing}
}

@inproceedings{flint-et-al-2017,
  author = {Emma Flint and Elliot Ford and Olivia Thomas and Andrew Caines and Paula Buttery},
  year = {2017},
  title = {A Text Normalisation System for Non-Standard {E}nglish Words},
  booktitle = {Proceedings of the 3rd Workshop on Noisy User-generated Text}
}

@inproceedings{nli-2013,
  author = {Joel Tetreault and Daniel Blanchard and Aoife Cahill},
  year = {2013},
  title = {A Report on the First {Native Language Identification} Shared Task},
  booktitle = {Proceedings of the Eighth Workshop on Innovative Use of NLP for Building Educational Applications}
}

@inproceedings{nli-2016,
    Author = {Bj\"{o}̈rn Schulle and Stefan Steidl and Anton Batliner and Julia Hirschberg and Judee K. Burgoon and Alice Baird and Aaron Elkins and Yue Zhang and Eduardo Coutinho and Keelan Evanini},
    Year = {2016},
    Title = {{The INTERSPEECH 2016 Computational Paralinguistics Challenge}: deception, sincerity and native language},
    Booktitle = {Proceedings of INTERSPEECH}
}

@inproceedings{cimino-dellorletta-2017,
  author = {Andrea Cimino and Felice Dell'Orletta},
  year = {2017},
  title = {Stacked Sentence-Document Classifier Approach for Improving {Native Language Identification}},
  booktitle = {Proceedings of the 12th Workshop on Innovative Use of NLP for Building Educational Applications}
}

@inproceedings{goutte-leger-2017,
  author = {Cyril Goutte and Serge L\'{e}ger},
  year = {2017},
  title = {Exploring Optimal Voting in {Native Language Identification}},
  booktitle = {Proceedings of the 12th Workshop on Innovative Use of NLP for Building Educational Applications}
}

@inproceedings{zampieri-et-al-2017,
  author = {Marcos Zampieri and Alina Maria Ciobanu and Liviu P. Dinu},
  year = {2017},
  title = {{Native Language Identification} on Text and Speech},
  booktitle = {Proceedings of the 12th Workshop on Innovative Use of NLP for Building Educational Applications}
}

@inproceedings{ionescu-popescu-2017,
  author = {Radu Tudor Ionescu and Marius Popescu},
  year = {2017},
  title = {Can string kernels pass the test of time in {Native Language Identification}?},
  booktitle = {Proceedings of the 12th Workshop on Innovative Use of NLP for Building Educational Applications}
}

@inproceedings{nli-2017,
  author = {Shervin Malmasi and Keelan Evanini and Aoife Cahill and Joel Tetreault and Robert Pugh and Christopher Hamill and Diane Napolitano and Yao Qian},
  year = {2017},
  title = {A Report on the 2017 {Native Language Identification} Shared Task},
  booktitle = {Proceedings of the 12th Workshop on Innovative Use of NLP for Building Educational Applications}
}

@article{dehak-et-al-2011,
    Author = {Najim Dehak and Patrick J. Kenny and R\'{e}da Dehak and Pierre Dumouchel and Pierre Ouellet},
    Year = {2011},
    Title = {Front-End Factor Analysis for Speaker Verification},
    Journal = {IEEE Transactions on Audio, Speech, and Language Processing},
    Volume = {19},
    Issue = {4},
    Pages = {788-798}
}

@book{shawetaylor-cristianini-2004,
  author = {John Shawe-Taylor and Nello Cristianini},
  year = {2004},
  title = {Kernel Methods for Pattern Analysis},
  publisher = {Cambridge: Cambridge University Press}
}

@inproceedings{dale-kilgarriff-2011,
  author = {Robert Dale and Adam Kilgarriff},
  year = {2011},
  title = {Helping Our Own: The HOO 2011 pilot shared task},
  booktitle = {Proceedings of the 13th European Workshop on Natural Language Generation}
}

@inproceedings{dale-et-al-2012,
  author = {Robert Dale and Ilya Anisimoff and George Narroway},
  year = {2012},
  title = {HOO 2012: A report on the preposition and determiner error correction shared task},
  booktitle = {Proceedings of the 7th Workshop on the Innovative Use of NLP for Building Educational Applications}
}

@inproceedings{ng-et-al-2013,
  author = {Hwee Tou Ng and Siew Mei Wu and Yuanbin Wu and Christian Hadiwinoto and Joel Tetreault},
  year = {2013},
  title = {The CoNLL-2013 shared task on grammatical error correction},
  booktitle = {Proceedings of the Seventeenth Conference on Computational Natural Language Learning: Shared Task}
}

@inproceedings{rei-yannakoudakis-2016,
  author = {Marek Rei and Helen Yannakoudakis},
  year = {2016},
  title = {Compositional Sequence Labeling Models for Error Detection in Learner Writing},
  booktitle = {Proceedings of the 54th Annual Meeting of the Association for Computational Linguistics}
}

@article{love-et-al-2017,
  Author = {Robbie Love and Claire Dembry and Andrew Hardie and Vaclav Brezina and Tony McEnery},
  Year = {2017},
  Title = {The {Spoken BNC2014}: designing and building a spoken corpus of everyday conversations},
  Journal = {International Journal of Corpus Linguistics},
  Volume = {22},
  Issue = {3},
  Pages = {319-344}
}

@misc{byu-bnc,
  Author = {Mark Davies},
  Year = {2004-},
  Title = {{BYU-BNC} (Based on the {British National Corpus from Oxford University Press})},
  Url = {http://corpus.byu.edu/bnc}
}

@article{foucart-et-al-2015,
  Author = {Alice Foucart and Elisa Ruiz-Tada and Albert Costa},
  Year = {2015},
  Title = {How do you know I was about to say ``book''? Anticipation processes affect speech processing and lexical recognition},
  Journal = {Language, Cognition and Neuroscience},
  Volume = {30},
  Issue = {6}, 
  Pages = {768-780}
}

@article{norris-et-al-2016,
  Author = {Dennis Norris and James M. McQueen and Anne Cutler},
  Year = {2016},
  Title = {Prediction, {B}ayesian inference and feedback in speech recognition},
  Journal = {Language, Cognition and Neuroscience},
  Volume = {31},
  Issue = {1},
  Pages = {4-18}
}

@manual{arpabet,
  Author = {Klautau, Aldebaro},
  Year = {2001},
  Title = {{ARPABET and the TIMIT} alphabet},
  Url = {https://web.archive.org/web/20160603180727/http://www.laps.ufpa.br/aldebaro/papers/ak_arpabet01.pdf}
}

@article{schegloff-2000,
  author = {Emanuel Schegloff},
  year = {2000},
  title = {When `others' initiate repair},
  journal = {Applied Linguistics},
  volume = {21},
  number = {2},
  pages = {205-243},
}

@article{dingemanse-et-al-2015,
    author = {Dingemanse, Mark AND Roberts, Seán G. AND Baranova, Julija AND Blythe, Joe AND Drew, Paul AND Floyd, Simeon AND Gisladottir, Rosa S. AND Kendrick, Kobin H. AND Levinson, Stephen C. AND Manrique, Elizabeth AND Rossi, Giovanni AND Enfield, Nick J.},
    year = {2015},
    title = {Universal Principles in the Repair of Communication Problems},
    journal = {PLOS ONE},
    volume = {10},
    issue = {9},
    pages = {1-15},
}

@misc{caines-et-al-2016,
  author = {Andrew Caines and Paula Buttery and Michael McCarthy},
  year = {2016},
  title = {Darker shades of grey: experiments in multi-dimensional error analysis. Presentation at the {IVACS Symposium, Universitat Pompeu Fabra}},
}

@inproceedings{ami,
  author = {Carletta, Jean and Ashby, Simone and Bourban, Sebastien and Flynn, Mike and Guillemot, Mael and Hain, Thomas and Kadlec, Jaroslav and Karaiskos, Vasilis and Kraaij, Wessel and Kronenthal, Melissa and Lathoud, Guillaume and Lincoln, Mike and Lisowska, Agnes and McCowan, Iain and Post, Wilfried and Reidsma, Dennis and Wellner, Pierre},
  year = {2006},
  title = {The {AMI Meeting Corpus}: A Pre-announcement},
  booktitle = {Proceedings of the Second International Conference on Machine Learning for Multimodal Interaction},
}

@InProceedings{bryant-et-al-2017,
  author    = {Bryant, Christopher  and  Felice, Mariano  and  Briscoe, Ted},
  year      = {2017},
  title     = {Automatic Annotation and Evaluation of Error Types for Grammatical Error Correction},
  booktitle = {Proceedings of the 55th Annual Meeting of the Association for Computational Linguistics (Volume 1: Long Papers)},
}

@misc{combilex,
  author = {Korin Richmond and Robert A. J. Clark and Sue Fitt},
  year = {},
  title = {Robust {LTS} rules with the {C}ombilex speech technology lexicon},
  url = {http://citeseerx.ist.psu.edu/viewdoc/summary?doi=10.1.1.147.7513}
}

@book{childes,
  author = {Brian MacWhinney},
  year = {2000},
  title = {The {CHILDES} Project: Tools for analyzing talk. Third Edition},
  publisher = {Mahwah, NJ: Lawrence Erlbaum Associates}
}

@misc{phonemizer,
  author = {Mathieu Bernard and Juan Benjumea},
  year = {2017},
  title = {phonemizer-0.3.1},
  note = {\url{http://doi.org/10.5281/zenodo.1045826}}
}

@inproceedings{plunkett-decat-2001,
  author = {Plunkett, Bernadette and De Cat, C\'{e}cile},
  year = {2001},
  title = {Root Specifiers and Null Subjects Revisited},
  booktitle = {Proceedings of the Boston University Conference on Language Development 25}
}

@book{schaerlaekens-gillis-1987,
  author = {Anne-Marie Schaerlaekens and Steven Gillis},
  year = {1987},
  title = {De taalverwerving van het kind: een hernieuwde orientatie in het {N}ederlandstalig onderzoeks},
  publisher = {Groningen: Wolters-Noordhoff}
}

@inproceedings{bol-1995,
  author = {Gerard Bol},
  year = {1995},
  title = {Implicational scaling in child language acquisition: the order of production of {D}utch verb constructions},
  booktitle = {Papers from The Dutch-German Colloquium on Language Acquisition, Amsterdam Series in Child Language Development}
}

@incollection{smoczynska-1985,
  author = {Magdalena Smoczynska},
  year = {1985},
  title = {The acquisition of {P}olish},
  editor = {D. I. Slobin},
  booktitle = {The crosslinguistic study of language acquisition},
  publisher = {Hillsdale, NJ: Erlbaum}
}

@book{brown-1970,
  author = {Roger Brown},
  year = {1970},
  title = {A first language: The early stages},
  publisher = {Cambridge, MA: Harvard University Press}
}

@book{bloom-1970,
  author = {Lois Bloom},
  year = {1970},
  title = {Language development: Form and function in emerging grammars},
  publisher = {Cambridge, MA: MIT Press}
}

@article{suppes-1974,
  author = {Patrick Suppes},
  year = {1974},
  title = {The semantics of children's language},
  journal = {American Psychologist},
  volume = {29},
  pages = {103-114}
}

@incollection{sachs-1983,
  author = {Jacqueline Sachs},
  year = {1983},
  title = {Talking about the there and then: The emergence of displaced reference in parent-child discourse},
  editor = {K. E. Nelson},
  booktitle = {Children's language},
  publisher = {Hillsdale, NJ: Erlbaum}
}

@incollection{braunwald-1978,
  author = {Susan Braunwald},
  year = {1978},
  title = {Context, word and meaning: Toward a communicational analysis of lexical acquisition},
  editor = {A. Lock},
  booktitle = {Action, gesture and symbol: The emergence of language},
  publisher = {London: Academic Press}
}

@phdthesis{halabi-2016,
  Author = {Halabi, Nawar},
  Year = {2016},
  Title = {Modern {S}tandard {A}rabic Phonetics for Speech Synthesis},
  School = {University of Southampton}
}

@manual{babelviet,
  Author = {Tony Andrus and Aric Bills and Miriam Corris and Eyal Dubinski and Jonathan G. Fiscus and Breanna Gillies and Mary Harper and T. J. Hazen and Brook Hefright and Amy Jarrett and Hanh Le and Jessica Ray and Anton Rytting and Ronnie Silber and Wade Shen and Evelyne Tzoukermann},
  Year = {2017},
  Title = {{IARPA} {B}abel {V}ietnamese Language Pack {IARPA-babel107b-v0.7 LDC2017S01}},
  Url = {https://catalog.ldc.upenn.edu/LDC2017S01}
}

@InProceedings{jongtaveesataporn-2008,
  author = {Markpong Jongtaveesataporn, Chai Wutiwiwatchai, Koji Iwano and Sadaoki Furui},
  year = {2008},
  title = {Thai {B}roadcast {N}ews {C}orpus Construction and Evaluation},
  booktitle = {Proceedings of the Sixth International Conference on Language Resources and Evaluation (LREC'08)},
}

@manual{nist-2011,
  Author = {{NIST Multimodal Information Group}},
  Year = {2011},
  Title = {2006 {NIST} Speaker Recognition Evaluation Training Set {LDC2011S09}},
  Url = {https://catalog.ldc.upenn.edu/LDC2011S09}
}

@article{yannakoudakis-et-al-2018,
  author = {Helen Yannakoudakis and {\O}istein E. Andersen and Ardeshir Geranpayeh and Ted Briscoe and Diane Nicholls},
  year = {2018},
  title = {Developing an Automated Writing Placement System for ESL Learners},
  journal = {Applied Measurement in Education},
  volume = {31},
  issue = {3},
  pages = {251-267}
}
